2920 4982
229 296 293 362 520
337 293 373 379 (ρ.
393 300 464 356 τοι.
482 291 564 376 τοι.)
692 295 787 354 unna
810 295 842 370 x,
864 298 913 355 ιι.

230 447 462 554 βεβληκέναιῖ
481 467 613 547 αίόόνας,
636 453 812 535 ίκαστονῖ·
837 466 987 554 ῆνῶσθαι
1008 465 1045 530 δέ
1066 462 1183 540 αόεοδς
1204 463 1303 528 κατὰ
1318 462 1405 528 δέκα

230 578 372 655 πάντας,
407 578 509 661 μόνον
539 578 575 642 δὲ
604 576 772 643 διαθέσεσι
800 577 969 663 διαφέρειν
996 574 1084 651 τινὰς
1104 577 1202 640 πνόιν
1225 575 1404 658 προόωυς.

232 685 482 773 Προβεβλῆσθαι
505 685 541 751 δὲ
564 684 733 773 ἀπειράκις
759 685 912 773 διτείρους
942 685 1079 762 αίόνας,
1115 687 1170 748 καί
1193 683 1293 747 είυαι
1325 682 1404 756 τυδς

192 793 354 871 σοπάντας
375 794 623 883 άρρενυθῆλεας.
671 797 810 872 Τούτους
842 794 878 860 δὲ
899 793 1175 878 βουλευσαμένους
1195 791 1292 875 6μοῦ
1321 809 1403 856 συν-

229 903 387 979 ελθόντας
415 903 452 968 λκ
473 907 528 968 τοῦ
549 904 648 987 μέσου
670 905 789 981 αλιόνος
818 907 968 990 γεννῆσαι
998 903 1035 968 ἐκ
1054 905 1227 988 παρθένου
1245 904 1403 987 Μαρίας

231 1017 356 1098 σωτῆρα
377 1015 441 1078 τῶν
461 1011 612 1090 πάντων,
647 1013 727 1076 κατὰ
761 1014 870 1078 πάντα
900 1011 1013 1095 δμοιον
1038 1015 1082 1098 πῆ
1110 1013 1227 1098 πριότῳ
1258 1010 1402 1093 στόματι

231 1122 267 1185 έν
289 1123 444 1207 σπέρματι
466 1123 600 1206 συκίνῳ,
633 1121 669 1186 έν
696 1121 794 1209 τούτῳ
824 1121 861 1186 δὲ
882 1120 1014 1208 ῆττονα,
1046 1123 1090 1208 τῷ
1113 1122 1267 1206 χεννητδν
1294 1121 1399 1198 εἶναι,

230 1231 265 1294 τό
285 1229 348 1315 γάρ
371 1239 512 1316 σπέρμα,
536 1230 618 1295 ὅθεν
639 1229 658 1317 ῆ
680 1236 778 1318 συκῆ,
802 1230 983 1318 άχέννητον.
1021 1227 1080 1294 Ἠν
1096 1226 1154 1295 οὖν
1171 1229 1207 1294 τδ
1220 1237 1316 1314 μέγα
1333 1235 1400 1293 τῶν

195 1336 363 1403 εοαίιόνων
385 1341 456 1425 φός
477 1338 571 1416 όλυν,
602 1337 757 1423 οόδεμίαν
786 1339 1014 1424 ἐπιδεχόμενον
1043 1337 1211 1425 κόσμησιν,
1244 1339 1335 1420 όχον
1362 1339 1399 1403 ἐν

232 1445 336 1534 ἑαυτῆ
357 1447 487 1512 πάντων
508 1451 571 1512 τῶν
593 1445 681 1535 ζηίοιν
705 1447 812 1525 ίδέας·
835 1453 925 1514 τοῦτο
947 1448 1160 1534 έπιφοιιῆσαν
1180 1447 1227 1523 είς
1248 1449 1290 1512 εδ
1308 1445 1398 1512 όπο-

233 1559 377 1639 κείμενον
396 1555 475 1638 χάος
496 1559 729 1642 παρεσχηκέναι
751 1557 858 1622 αίτίαν
878 1567 943 1632 ιοίς
964 1555 1108 1636 χεχονόσι
1134 1561 1188 1620 καί
1209 1552 1308 1633 οὖσι,
1335 1579 1398 1618 κα-

233 1661 340 1746 ταβάν
353 1687 385 1727 τε
403 1664 536 1728 ἄνωθεν
552 1664 648 1729 ίδεόιν
659 1663 800 1730 αίοινίοιν
815 1663 1000 1749 ἀπεμάξατο
1012 1664 1097 1728 κάτω
1106 1663 1219 1744 [είς]τδ
1233 1663 1326 1746 χάος
1339 1665 1397 1737 τάς

233 1771 374 1856 μορφάς.
413 1769 451 1835 ‘O
472 1773 535 1859 γάρ
562 1774 662 1858 τρίτος
692 1772 791 1851 αίιόν,
821 1771 840 1838 δ
867 1771 982 1838 δαυτδν
1011 1769 1265 1858 τριπλασιάσας,
1302 1770 1396 1858 δρῶν

198 1881 306 1954 σοτοδς
335 1881 538 1966 χαρακτῆρας
567 1879 667 1946 αδτοῦ
696 1879 823 1956 πάντας
860 1883 1128 1962 κατασπωμένους
1156 1879 1202 1955 είς
1230 1880 1265 1944 τδ
1300 1879 1392 1944 κάτα

236 1987 360 2065 σκότος,
384 1984 442 2051 οόκ
465 1985 593 2068 α’χνοιόν
614 1985 672 2075 τῆν
692 2011 724 2052 τε
744 1991 800 2054 τοῦ
822 1987 953 2064 σκότους
982 1986 1145 2074 δεινότητα
1173 1990 1228 2051 καί
1250 1987 1314 2073 τὴν
1335 1992 1393 2051 ιυό

237 2095 342 2178 φοιτδς
364 2091 559 2181 άφελότητα,
594 2095 741 2181 έποίησεν
763 2093 905 2183 οδρανόν
933 2099 988 2159 καί
1008 2099 1107 2179 μέσον
1139 2093 1246 2181 πῆξας
1267 2093 1391 2177 διεχοό-

237 2219 322 2285 ρισεν
344 2199 509 2286 άναμέσον
529 2205 585 2268 τυό
607 2203 737 2279 σκότους
758 2207 813 2267 καί
834 2201 998 2288 άναμέσον
1019 2205 1075 2268 τοῦ
1098 2202 1212 2288 φωτός.
1257 2207 1390 2268 Πασόόν

238 2306 297 2374 οὖν
317 2313 381 2375 τεόν
402 2309 498 2375 ίδεάν
518 2313 574 2376 τοῦ
591 2313 693 2396 τρίτου
715 2311 833 2387 αίάνος
967 2315 1021 2376 καί
1039 2309 1138 2376 αδτυῦ
1162 2309 1389 2394 ιδέκτόποεμα

201 2417 447 2508 σοκραΙτείσθαί
469 2437 566 2506 φησιν
587 2416 651 2484 δπδ
674 2423 729 2485 τοῦ
747 2418 893 2498 σκότους,
915 2422 980 2505 πῦρ
996 2421 1042 2483 οίν
1058 2416 1158 2494 αὖθις
1169 2416 1232 2494 ζόίν
1246 2415 1315 2484 όντδ
1330 2426 1388 2484 τοῦ

240 2525 346 2612 φωτός
364 2527 536 2612 γενόμενον
555 2525 712 2614 όπῆρξεν,
736 2527 771 2604 έξ
792 2522 829 2612 ῆς
850 2524 1010 2612 φάσκουσι
1031 2525 1087 2591 τόν
1112 2528 1214 2610 μέχαν
1242 2527 1386 2614 ἄρχοντα

238 2637 419 2716 γεγονέναι,
443 2640 516 2722 περὶ
536 2631 576 2701 οό
598 2638 742 2721 Μωυσῆς
769 2633 889 2720 δμιλεί,
920 2634 1022 2716 λέχοον
1049 2635 1133 2700 είναι
1161 2638 1271 2700 τοῦτον
1300 2638 1385 2702 θεόν

185 2789 187 2798 .
239 2743 375 2829 πόρινον
394 2747 449 2807 καί
470 2743 683 2831 δημιουργόν,
706 2743 742 2820 ός
762 2747 817 2807 καί
838 2743 894 2820 τάς
916 2742 1006 2820 ίδέας
1034 2743 1165 2810 πάντων
1190 2744 1384 2828 μεταβάλλει

239 2851 291 2916 άεί
315 2852 361 2929 ελς
391 2855 493 2936 σῶμα.
555 2852 684 2929 Ταότας
711 2849 767 2928 τάς
796 2852 923 2940 ψυχάς,
957 2847 997 2918 οδ
1021 2851 1118 2937 χάριν
1147 2849 1307 2938 φάσκουσι
1328 2855 1382 2918 ιδν

203 2983 233 3037 ιο
241 2963 365 3047 σωτῆρα
388 2963 693 3047 παραχεννηθῆναι,
722 2958 944 3026 λπιδεικνόντα
965 2961 1020 3047 τῆν
1042 2958 1150 3054 όδόν,Ι
1174 2958 1223 3025 δι’
1243 2957 1280 3047 ῆς
1302 2963 1381 3050 φεό-

241 3072 349 3146 ξονται
370 3065 406 3133 αἳ
427 3068 640 3154 κρατούμεναι
661 3071 786 3156 ψυχαί,
810 3067 1007 3134 ένδεδόσθαι
1036 3067 1072 3134 δὲ
1103 3068 1159 3133 τόν
1181 3066 1301 3154 Ἰησοῦν
1326 3071 1382 3154 τῆν

243 3177 382 3260 δύναμιν
402 3177 525 3264 ἐκείνην
545 3177 600 3264 τῆν
619 3179 791 3262 μονογενῆ·
815 3175 866 3240 διδ
888 3177 931 3262 μῆ
948 3175 1115 3242 δόνασθαι
1133 3179 1302 3264 θεαθῆναι
1316 3178 1383 3244 δπό

241 3307 324 3360 τινος
346 3283 402 3348 διά
424 3285 459 3350 τδ
481 3284 728 3370 μεθαλλόμενον
747 3286 887 3369 μέγεθος
903 3288 955 3371 τῆς
969 3283 1075 3371 δόξης.
1118 3285 1234 3350 Πάντα
1247 3285 1282 3351 δὲ
1300 3303 1379 3372 συμ-

242 3395 410 3478 βεβηκέναι
432 3391 520 3480 αότιῆ
542 3399 624 3479 φασὶ
645 3392 737 3457 καθά
759 3392 796 3458 έν
816 3404 881 3469 τοῖς
902 3390 1096 3473 εόαχχελίοις
1113 3395 1295 3480 γέγραπται.

315 3654 359 3708 47.
370 3634 398 3708 λ
410 3656 523 3720 αίῶνας,
548 3654 657 3709 ἕκαστον
664 3634 697 3708 *a*
716 3633 885 3729 Memfi
910 3652 1011 3715 οίοῖνας
1033 3651 1157 3708 έκαοτου·
1176 3653 1294 3720 ῆκιῖσθαι
1310 3653 1330 3710 G
1347 3653 1375 3710 64

243 3747 287 3803 48.
308 3749 452 3818 διαθέσεσι]
472 3751 578 3803 sicem?
615 3746 658 3803 cf.
678 3764 760 3819 ιορεο
780 3764 806 3818 η.
828 3747 890 3811 414,
909 3747 944 3801 56
1052 3743 1181 3822 πρόπας]
1200 3742 1291 3801 Μιίίιυ
1307 3767 1375 3820 πρυ-

242 3841 371 3903 τεόοντας.
408 3839 437 3895 Μ
565 3843 610 3898 51.
639 3844 667 3896 ex
690 3841 735 3895 τοδ
757 3841 841 3914 μέσον
859 3833 967 3914 αίάνος]
985 3841 1022 3901 είς
1039 3837 1083 3893 τὸν
1100 3839 1185 3912 μέσον
1202 3839 1302 3893 aava?
1334 3835 1372 3894 Cf.

243 3951 325 4006 supra
344 3952 371 4006 p.
391 3935 453 3995 416,
472 3935 518 3989 75.
535 3935 570 3990 76
695 3934 741 3989 52.
760 3935 805 3989 53.
826 3932 928 4006 σάματι
946 3934 974 3986 ίν
992 3927 1132 4008 σπέρματι]
1151 3931 1255 4005 σάματι
1270 3935 1295 3987 ίκ
1310 3933 1373 4004 τόρ-

241 4045 305 4098 ματι
326 4023 361 4080 C:
381 4029 450 4098 θεῷ,
468 4026 502 4099 τῷ
521 4027 761 4099 οίονελσπέρματιί
797 4022 841 4080 Cf.
859 4041 942 4097 supr·
955 4041 982 4097 p.
997 4024 1060 4090 446,
1071 4025 1108 4078 64
1215 4023 1370 4102 53.τικιίμ]

241 4121 331 4190 ίκείνμ
351 4116 381 4173 G.
420 4116 460 4175 cf.
479 4136 561 4192 εορει
580 4137 608 4191 p.
627 4120 689 4180 4ί6,
708 4119 744 4173 78
886 4115 990 4184 ῆιτονα,
1008 4114 1052 4192 τῷ]
1071 4107 1161 4184 ἧττον,
1181 4115 1227 4170 διὰ
1245 4113 1316 4171 rac:
1333 4115 1370 4172 Ex

242 4211 336 4265 υΙίίιοε
356 4212 461 4283 syllaba
483 4229 543 4267 τοο.
564 4209 657 4278 ῆττονα
676 4208 777 4265 factum
795 4216 862 4266 A1A.
881 4207 911 4264 M
1037 4207 1162 4281 γεννητόν
1179 4205 1259 4284 είναι]
1276 4207 1369 4282 όχίκνη-
1428 4217 1429 4246 ³

242 4323 286 4358 τον
304 4306 374 4360 είναι
393 4301 424 4360 C.
463 4303 505 4360 Cf.
525 4322 607 4376 supr!
627 4321 655 4376 p.
675 4302 737 4368 416,
756 4303 791 4357 79
907 4303 951 4358 58.
977 4299 1097 4357 ίδέοινῦ
1223 4301 1368 4380 ἀπεμάξατο]

243 4394 452 4459 άπεμόξοντοῦ
579 4399 615 4458 είς
633 4395 660 4448 τὸ
676 4395 756 4467 χαις]
775 4393 803 4448 τό
817 4393 888 4466 χάος
906 4391 928 4447 C
947 4391 991 4458 Μ,
1021 4393 1067 4468 qui
1086 4391 1220 4450 τοοιίιυίι
1239 4413 1254 4450 ι
1271 4395 1366 4450 librario
1428 4435 1429 4456 ,

244 4490 332 4544 serius
353 4489 531 4543 interlineas
551 4487 651 4562 scripta
671 4488 780 4544 uncini·
798 4485 911 4543 inclusit
1024 4488 1068 4542 64.
1086 4485 1205 4543 mame
1302 4486 1370 4545 Fon.
1428 4533 1429 4540 ,
