2920 4982
313 373 595 432 ancnnnnnno:
619 372 804 432 nonornns.
827 373 1004 432 aerianos.
1043 353 1046 358 '
1177 369 1239 437 sat

187 544 239 611 17.
284 545 341 620 Qut
364 547 463 607 autem
486 539 674 607 llonoimum
698 542 833 607 Arahem
856 550 1031 629 sectantur,
1062 545 1146 608 aiunt
1169 563 1240 611 esse

93 655 315 720 universorum
337 651 516 735 principium
537 648 692 714 hominem
712 653 841 732 primum
872 657 903 714 et
925 650 1017 715 tilium
1041 652 1187 736 hominis,
1212 660 1242 716 et

95 783 135 830 ca
148 814 157 849 ‚
181 781 261 847 quae
284 761 365 826 lacta
388 767 475 844 aunt,
507 760 595 823 sicuti
624 759 728 824 lloses
752 758 838 834 dicit,
871 777 934 824 non
958 779 974 824 a
997 762 1094 843 prima
1117 760 1279 833 hominem

96 883 280 954 ormena,
314 869 371 935 sed
394 887 411 932 a
436 867 498 931 lilio
522 866 675 952 hominis,
710 885 773 932 non
806 875 872 932 toto
904 868 970 952 illo,
1006 868 1061 932 sed
1090 889 1130 933 ex
1154 878 1242 952 parte

95 985 174 1048 eius.
217 981 294 1045 Esse
318 984 418 1043 autem
441 976 533 1040 filiurn
555 975 687 1040 hominis
708 975 840 1040 litteram
862 979 941 1062 iota,
964 996 1044 1060 qaae
1068 985 1115 1042 est
1139 976 1242 1064 decas,

95 1088 272 1175 principalis
295 1103 458 1169 numerus,
478 1085 510 1148 in
534 1103 595 1166 quo
620 1091 664 1148 est
686 1085 821 1148 universi
845 1087 964 1148 numeri
987 1085 1165 1172 substantia,
1186 1105 1243 1169 per

98 1217 191 1282 quem
214 1197 344 1279 quisque
366 1210 512 1257 numerus
535 1199 657 1255 constat
685 1201 716 1256 et
747 1193 883 1256 universi
914 1194 1022 1280 origo,
1051 1195 1147 1279 ignis,
1178 1198 1242 1281 air,

97 1327 196 1390 aqua,
215 1313 308 1370 terra.
353 1302 410 1366 llic
431 1306 531 1365 autem
555 1319 622 1365 cum
644 1301 683 1364 sit
698 1301 762 1365 iota
782 1320 875 1366 unum
900 1309 931 1366 et
954 1321 1033 1386 apex
1053 1323 1142 1390 nnus,
1165 1320 1279 1388 per-tc
1365 1335 1366 1340 ο

98 1418 213 1481 lectum
236 1430 276 1475 ex
300 1410 457 1494 perlecto,
489 1426 582 1493 apex,
618 1410 669 1491 qni
691 1413 846 1492 processit
870 1429 1025 1498 superne,
1058 1415 1158 1478 omnia
1180 1413 1242 1477 ha·

97 1524 178 1588 bons
200 1523 231 1585 in
253 1524 353 1585 semet
375 1519 453 1601 ipso,
477 1533 682 1598 quaecunque
704 1519 794 1580 etiam
817 1517 909 1582 homo
931 1519 1042 1606 habet,
1072 1529 1160 1605 pater
1191 1521 1243 1588 lilii

99 1631 245 1710 hominis3
267 1661 308 1673 -
331 1626 445 1692 lectam
468 1623 562 1709 igitur
584 1642 654 1688 esse
677 1624 719 1689 ait
741 1625 884 1691 mundum
912 1628 1014 1693 lloses
1044 1648 1100 1693 sex
1123 1631 1240 1718 diebus,

99 1738 160 1802 hoc
176 1743 224 1802 est
245 1753 302 1800 sex
321 1730 541 1817 potestatibus,
567 1733 731 1814 exquibus
755 1734 885 1800 mundas
903 1737 940 1800 ab
960 1739 1048 1821 apice
1068 1739 1126 1804 illo'
1142 1740 1242 1805 extitit

99 1864 176 1913 uno⁸¹
196 1845 315 1911 Etenim
333 1849 365 1906 et
377 1840 445 1904 culti
460 1847 491 1904 et
506 1838 652 1904 octaedra
669 1847 701 1904 et
711 1842 884 1925 pyramides
899 1851 930 1907 et
943 1863 1050 1912 omnes
1068 1845 1154 1912 hisce
1166 1867 1279 1919 con-eo

99 1957 214 2022 similes
230 1954 349 2018 lormae
368 1951 554 2033 comparium
571 1947 816 2033 superficierum,
830 1971 871 2016 ex
889 1951 998 2034 quibus
1014 1962 1136 2019 constat
1151 1957 1240 2041 ignis,

100 2071 164 2149 aer,
176 2066 364 2146 aqna,terra,
382 2057 545 2122 enumeris
561 2065 649 2121 ortae
667 2064 739 2121 sunt
751 2059 982 2142 comprehensis
992 2063 1023 2125 in
1036 2062 1089 2128 illo
1102 2065 1241 2147 simplice

98 2173 220 2238 litterae
242 2172 305 2234 iota
329 2167 427 2252 apice,
442 2167 494 2248 qui
510 2171 557 2230 est
578 2165 657 2230 lilius
673 2164 816 2231 hominis.
861 2168 991 2244 Quande
1013 2171 1116 2255 igitur,
1134 2174 1241 2260 inquit,

98 2283 215 2365 virgam
240 2277 312 2341 dicit
333 2275 438 2341 lloses
461 2273 608 2337 vibratam
639 2273 676 2337 ad
707 2273 814 2360 plagas
837 2275 1065 2366 Aegyptiacos,
1098 2289 1243 2346 recenset

100 2387 244 2453 mnndum
277 2385 400 2449 litterae
431 2381 493 2446 iota
530 2381 711 2467 allegorice,
743 2400 844 2464 neque
874 2383 977 2467 plures
1013 2405 1102 2469 quarn
1134 2389 1280 2456 decernas

99 2496 206 2582 plagas
227 2491 379 2558 formavit
433 2489 484 2554 Sin
516 2506 590 2553 vero
604 2538 612 2572 ‚
643 2489 756 2573 inquit,
788 2491 833 2554 vis
864 2509 1057 2576 cognoscere
1088 2497 1242 2581 universa,

100 2609 130 2669 in
153 2610 185 2667 te
208 2605 274 2685 ipso
297 2617 416 2682 quaere
438 2596 576 2679 quisnam
600 2597 655 2681 sit,
678 2599 729 2678 qui
753 2598 808 2662 ait:
840 2601 939 2664 anima
962 2621 1045 2688 mea,
1069 2623 1142 2669 caro
1166 2625 1243 2690 mea,

100 2729 187 2778 mens
210 2727 296 2792 mea,
319 2706 422 2788 etqui
444 2702 685 2786 unumquodque
711 2704 768 2769 sibi
799 2707 855 2789 ipsi
885 2717 1014 2794 arrogat
1045 2712 1134 2793 quasi
1165 2715 1242 2780 alius

101 2821 179 2903 quis.
224 2817 312 2882 llunc
334 2813 471 2897 intellige
495 2829 565 2875 csse
588 2811 759 2894 perlectum
788 2832 828 2876 ex
857 2815 1018 2903 perlecto,
1053 2820 1155 2885 omnia
1185 2841 1242 2887 sua

101 2927 224 3012 propria
251 2923 476 2988 existimantem
500 2920 667 2984 non-entia
693 2939 774 3003 quae
797 2930 946 2988 vocantur
964 2926 1131 3010 omniaque
1148 2931 1281 3004 entiam

101 3033 185 3100 llaec
207 3031 300 3115 igitur
323 3035 354 3092 et
375 3026 533 3092 llonot'mo
554 3025 686 3107 placent.
748 3057 750 3062 ·

72 3279 75 3286 ἦ
187 3189 236 3257 18.
281 3191 425 3254 'lolianus
448 3194 548 3253 antem
572 3186 770 3263 consimiliter
791 3187 952 3252 Valentino
985 3192 1180 3274 caeterisque
1202 3195 1243 3259 ait

103 3319 218 3367 aeones
241 3317 312 3364 esse
335 3295 485 3379 quosdam
506 3294 692 3378 invisibiles,
716 3313 755 3357 ex
777 3295 888 3376 quibas
912 3298 1078 3379 aquodam
1095 3300 1242 3366 inferiore

104 3408 247 3474 mundam
271 3425 342 3471 esse
366 3403 547 3469 fabricatum
578 3410 610 3465 et
631 3421 667 3465 ea
695 3421 775 3484 quae
806 3411 886 3467 sunt.
939 3407 1029 3469 Vitae
1057 3418 1158 3471 antem
1183 3407 1243 3474 ad·

104 3760 144 3814 yn
161 3739 206 3794 cci
222 3735 326 3811 κόσμον
343 3735 378 3808 τῷ
394 3735 457 3788 loica
481 3731 538 3788 ἀλλ.
558 3733 631 3788 οοοί.
652 3731 681 3788 Μ
700 3741 728 3789 et
746 3730 932 3804 Bernayainsa
951 3735 988 3795 alc
1005 3731 1036 3788 acl
1053 3735 1118 3789 κατὰ
1136 3735 1180 3804 τὴν
1198 3739 1245 3792 At-

105 3851 202 3906 γυπτον
219 3829 310 3896 πάθη,
327 3845 383 3882 κατ.
404 3845 424 3880 τ.
442 3846 464 3880 οε.
485 3845 504 3880 ε.
523 3828 542 3879 l.
562 3826 619 3879 stt.
638 3823 802 3899 Roeperus:
827 3829 864 3889 ele
881 3827 911 3882 ιὰ
927 3826 989 3882 κατ’
1009 3830 1144 3902 Αῐγνοοον
1160 3830 1245 3897 πάθη,

105 3927 172 3997 λέγει
187 3923 231 3976 τὸν
247 3920 352 3994 κόσμον
368 3918 414 3972 τοῦ
430 3919 493 3972 ἰῶτα
508 3918 564 3972 att
584 3935 660 3991 cusp.
673 3916 705 3976 ll.
718 3917 848 3974 Scottus:
869 3923 904 3982 εἰς
921 3921 952 3974 τὰ
969 3921 1034 3976 κατὰ
1051 3923 1095 3990 τὴν
1112 3925 1247 3994 Αιγυπτον

106 4017 194 4082 πάθη,
212 4015 283 4086 λέγει
299 4010 344 4065 οὖν
361 4010 464 4082 κόσμον
480 4007 514 4081 ap'i
533 4010 595 4064 laiac
614 4010 866 4085 ἀλληγοροομένως,
891 4013 928 4075 ὡς
952 4016 988 4085 (ι.
1008 4015 1246 4089 ἆυογορούμενον,

108 4109 173 4180 alo?
210 4105 252 4162 Cl.
272 4122 354 4178 supra
374 4121 402 4175 p.
421 4102 483 4166 tea,
501 4101 607 4156 tit-6³
731 4105 774 4158 at.
803 4107 913 4160 alciaco
939 4107 991 4161 cair
1014 4104 1088 4184 δέκα]
1116 4108 1247 4162 πλειόνων

107 4201 134 4256 (li
153 4197 188 4255 C:
207 4199 317 4251 alaim
335 4195 385 4248 raia
402 4193 506 4250 δώδεκα
523 4193 674 4265 legendum
693 4213 756 4252 esse
774 4208 852 4270 potat
870 4195 898 4253 M
919 4196 982 4252 coll.
1003 4213 1030 4268 p.
1040 4198 1102 4264 428,
1115 4197 1159 4252 63.
1179 4193 1247 4250 Sie-

107 4294 146 4348 oti
164 4308 216 4347 noc
234 4291 315 4346 etiam
338 4286 506 4359 Bernnysins
527 4287 648 4342 correxit
762 4289 841 4344 l-5.
864 4285 906 4344 ct.
919 4304 1037 4361 suprap.
1049 4289 1112 4354 4³2,
1130 4289 1245 4342 22-27.

107 4387 132 4440 l.
151 4376 290 4459 ἇοράεοος]
309 4382 369 4436 ποτε·
387 4379 446 4442 τούς
464 4377 485 4434 C
503 4375 542 4434 M.
580 4374 622 4435 ct.
644 4394 727 4448 supra
745 4396 773 4450 p.
793 4380 855 4443 ⁴³2,
873 4381 918 4447 24,
937 4381 984 4435 ubi
1003 4381 1077 4454 παρὰ
1094 4380 1154 4442 reric
1171 4381 1247 4452 legi.

109 4486 150 4531 tur
168 4476 195 4530 ia
216 4471 250 4540 G.
275 4483 303 4530 et
329 4472 411 4529 rerba
431 4471 538 4528 irenaei
557 4469 615 4526 illie
633 4472 719 4526 tortari
739 4471 881 4542 supposita
1040 4475 1068 4528 2.
1096 4475 1123 4537 εξ
1146 4465 1195 4550 ὧν]
1219 4476 1248 4529 ta

107 4570 154 4624 raia
178 4563 200 4622 C
218 4563 248 4622 Μ
397 4567 423 4620 3.
442 4561 523 4642 sana]
541 4563 591 4618 nir
609 4566 702 4619 adam?
721 4560 859 4636 Sauppiur
