3002 4958
510 309 627 368 tutuo.
673 309 911 369 ARISTOTELES.
1238 306 1280 372 ³9

130 475 269 534 unitatum
295 475 367 534 boui
391 475 540 555 extitisse,
570 483 619 540 aut
644 494 699 557 per
722 475 960 538 deminutionem
985 483 1035 538 aut
1062 493 1117 556 per
1139 493 1277 556 exsupe-

129 579 274 660 rantiam,
296 579 338 640 uti
360 577 402 640 de
423 579 585 644 virtutibus
609 586 680 642 ante
703 580 844 644 diximus.
889 580 972 646 Plato
994 581 1105 664 igitur,
1129 588 1159 642 ut
1182 590 1315 660 supraoo

130 684 279 767 diximus,
308 685 500 746 consociatis
529 685 626 748 tribus
649 688 785 766 partibus
806 687 987 750 uniuersalis
1011 685 1222 768 philosophiae
1245 686 1275 748 in

129 789 215 854 hune
237 789 361 853 modum
388 790 670 873 philosophabatur.

221 896 428 979 Aristoteles,
452 899 503 978 qui
526 897 616 961 huius
638 897 762 961 auditor
784 896 849 980 tuit,
875 898 904 958 in
930 902 1025 959 artem
1049 896 1274 977 philosophiam

129 1005 256 1088 redegit
278 1005 474 1088 logicamque
499 1006 688 1088 disciplinam
711 1007 810 1086 magis
840 1003 993 1084 exeoluit,
1028 1002 1180 1066 elementa
1203 1005 1276 1066 uni-

109 1201 115 1210 ·
130 1125 296 1172 versorum
310 1125 430 1189 ponens
442 1109 642 1172 substantium
666 1117 698 1170 et
714 1107 870 1190 accidens,
896 1115 927 1170 et
940 1107 1138 1170 substantiam
1151 1107 1313 1187 quidemst

129 1233 239 1299 uuum,
273 1232 354 1296 quae
382 1217 533 1279 universis
555 1216 708 1280 substrata
731 1217 784 1298 sil,
815 1213 986 1277 aoeidentia
1021 1221 1122 1277 uutsrn
1146 1231 1273 1277 nurnero

130 1341 262 1389 noveru:
285 1330 449 1406 quantum,
472 1323 578 1406 quale,
601 1321 639 1385 ad
664 1321 752 1403 quid,
776 1321 843 1404 ubi,
866 1320 1006 1404 quando,
1030 1320 1160 1404 bebere,
1184 1323 1273 1384 silum

129 1449 219 1515 esse,
251 1430 371 1510 labere,
402 1432 473 1512 pati.
524 1429 592 1493 dam
628 1429 829 1510 substantiam
857 1427 1032 1491 huiusmodi
1065 1445 1151 1510 esse,
1180 1427 1274 1490 veluti

130 1540 236 1622 deum,
260 1538 429 1617 bominem,
461 1545 491 1600 et
513 1537 584 1601 nihil
607 1555 671 1600 uon
695 1534 777 1617 quod
801 1535 832 1596 in
855 1532 989 1596 eundem
1011 1551 1146 1596 censum.
1160 1533 1272 1594 veniat.

128 1646 220 1722 Quod
245 1651 346 1710 eutem
368 1646 476 1708 attinet
498 1643 537 1708 ad
561 1642 749 1724 aoeideutiu,
778 1641 809 1702 id
837 1639 919 1722 quod
948 1641 1038 1720 paule
1068 1635 1140 1700 dioil
1163 1631 1270 1701 osteir-
1301 1647 1311 1694 ι

129 1756 212 1818 ditur
230 1753 325 1816 ueluti
342 1751 452 1832 album,
473 1754 604 1835 nigrum,
627 1756 772 1830 quornm
787 1753 888 1812 eutem
899 1746 992 1808 veluti
1005 1744 1130 1810 duorum
1146 1745 1275 1808 triumve

129 1862 289 1940 ulnarum,
312 1858 385 1924 illud
409 1866 509 1922 eutem
532 1859 576 1921 od
594 1857 688 1939 quid,
713 1855 795 1918 velut
819 1861 919 1935 pater,
955 1851 1050 1934 lilius,
1088 1851 1141 1914 obi
1162 1859 1274 1934 autem,

129 1969 213 2033 velut
241 1967 390 2050 Athenis,
423 1965 571 2048 Megaris,
609 1963 733 2045 quomo
765 1967 882 2043 autem,
911 1958 994 2022 velut
1024 1957 1142 2020 deeinm
1173 1956 1274 2038 olym-

129 2077 237 2159 piade,
258 2075 372 2138 ltobere
394 2081 512 2156 autem,
534 2072 617 2134 velut
639 2069 817 2151 possidere,
838 2065 1070 2148 [noereuutam
1094 2063 1177 2126 velut
1190 2063 1273 2126 sori·
1299 2081 1314 2128 u
1384 2098 1391 2114 ·

129 2185 207 2248 here
231 2189 263 2247 et
284 2184 409 2246 omnino
432 2187 554 2262 putrere
577 2177 705 2259 aliquid,
726 2176 817 2238 otum
838 2179 939 2237 autem
961 2191 1045 2249 aare,
1069 2169 1164 2234 veluti
1191 2168 1275 2232 humi

129 2294 250 2373 iacere,
270 2291 337 2371 poti
358 2268 474 2370 autern,
497 2285 581 2350 velut
602 2283 768 2348 verberari.
813 2280 902 2344 Ponit
924 2288 956 2342 et
977 2281 1044 2359 ipse
1065 2277 1123 2341 alia
1142 2275 1274 2339 medium

129 2399 256 2476 hebere,
267 2396 326 2459 elia
338 2413 400 2458 non
412 2393 536 2476 hahere,
557 2399 590 2455 ut
601 2390 731 2454 liumus
747 2390 838 2452 etiam
851 2387 890 2450 de
902 2386 1037 2450 Plutone.
1080 2384 1119 2446 Et
1131 2400 1230 2464 paene
1244 2385 1273 2446 in

128 2505 223 2568 rebus
246 2502 381 2584 pludmis
404 2498 574 2564 coneordat
587 2513 655 2560 eum
672 2495 798 2558 Platone
812 2501 942 2572 excepta
959 2491 998 2552 de
1010 2490 1109 2552 anima
1127 2489 1274 2550 doctrina.

130 2613 216 2676 Plato
240 2611 321 2672 enim
344 2606 561 2688 immortalem,
584 2601 773 2668 Aristoteles
797 2604 897 2661 autem
927 2613 1110 2676 permanere
1142 2601 1174 2655 et
1205 2599 1312 2674 postto

130 2719 210 2782 baee
231 2723 264 2780 et
285 2717 381 2797 ipsum
404 2728 596 2778 evanescere
617 2709 809 2789 inquintum
834 2719 965 2783 eorpus,
988 2701 1071 2782 quod
1096 2699 1182 2780 ponit
1204 2715 1274 2760 esse

131 2844 200 2888 eum
221 2823 350 2902 reliquia
373 2827 531 2902 quattuor,
553 2817 614 2880 hoo
637 2823 686 2878 est
708 2820 739 2875 et
757 2811 822 2895 igni
845 2817 877 2872 et
900 2819 982 2874 terra
1001 2815 1032 2869 et
1050 2824 1128 2887 aqua
1153 2812 1184 2866 el
1200 2812 1276 2866 adro

132 2933 267 3013 tenuius,
290 2936 433 3008 tunquam
447 2925 594 3007 spiritum.
638 2923 751 2984 Verum
762 2917 846 2982 Plato
869 2913 934 2979 sola
958 2913 1039 2978 bona
1060 2928 1173 2992 reapse
1196 2927 1277 2990 quse

132 3039 308 3122 pertineam
329 3035 368 3100 ad
391 3035 519 3096 animam
543 3029 616 3094 dieii
638 3045 738 3108 eaque
761 3023 906 3088 suliieere
927 3021 965 3084 ad
987 3019 1177 3095 beatitatem3
1202 3016 1276 3080 Ari-

131 3147 260 3212 stoteles
284 3150 384 3206 antem
407 3139 553 3204 trifariam
573 3137 669 3200 divisa
693 3135 773 3196 bona
797 3131 913 3193 inducit
935 3133 1091 3210 negatque
1105 3123 1314 3206 perieolumte

131 3273 202 3318 esse
225 3253 411 3332 sapientem,
433 3247 492 3310 nisi
514 3220 609 3308 essinl
633 3244 662 3304 ei
685 3240 773 3303 etiarn
798 3237 938 3317 eorporis
960 3233 1042 3296 bone
1066 3239 1097 3294 et
1110 3248 1189 3312 quoe
1206 3236 1277 3292 sunt

132 3369 238 3424 extre:
264 3359 437 3438 quaesunt
460 3349 648 3433 pulcritudo,
671 3346 783 3428 robur,
806 3346 896 3426 vigor
918 3359 1081 3422 sensuum,
1105 3337 1277 3418 integritas,

131 3469 263 3550 sanitae,
286 3481 367 3545 quoe
387 3467 490 3525 autem
512 3465 583 3522 sunt
605 3463 702 3518 extra:
738 3452 875 3532 divitiae,
900 3447 1059 3524 nobilitas,
1083 3444 1191 3526 gloria,
1214 3459 1275 3522 po·

131 3576 244 3656 tentia,
267 3589 340 3654 pax,
363 3568 509 3642 amicitie3
533 3581 613 3645 quaa
636 3569 736 3624 autern
760 3559 840 3620 intus
864 3560 936 3617 sunt
957 3554 1037 3614 eirca
1062 3553 1208 3632 animam,
1230 3548 1276 3610 si-

133 3689 182 3746 eut
205 3683 297 3742 etiem
320 3677 437 3739 Platoni
459 3673 558 3734 vuum
582 3675 644 3749 est,
667 3663 875 3746 prudentium,
906 3659 1155 3739 temperantiam,
1185 3652 1315 3717 iusti-ao
1356 3724 1358 3732 ¹

133 3791 220 3871 tiam,
255 3782 473 3848 lentitudinem.
528 3776 606 3840 biolo
635 3780 736 3838 eutem
760 3771 851 3832 etiarn
881 3766 929 3828 hie
952 3765 1025 3826 dicit
1048 3782 1105 3844 per
1126 3755 1276 3824 adversa-

134 3897 250 3960 tionem
274 3891 412 3953 extitisse
435 3887 587 3949 bonorum
612 3888 644 3944 et
665 3895 736 3942 essa
758 3879 789 3939 in
813 3893 852 3938 eo
876 3873 957 3952 loeo,
980 3873 1033 3952 qui
1054 3868 1112 3932 sub
1135 3869 1205 3931 lune
1221 3875 1277 3950 est,

132 4019 226 4084 supra
249 3999 351 4062 lunam
375 4001 475 4058 autem
511 4007 573 4052 non
603 3987 787 4068 pertingere.
840 3975 980 4042 Animam
1010 3984 1111 4040 autom
1143 3975 1279 4038 universi

134 4107 257 4190 quidem
283 4101 385 4164 mundi
407 4095 605 4161 immortalem
643 4109 713 4156 esse
742 4097 771 4151 el
801 4089 898 4170 ipsum
931 4084 1074 4166 mundum
1110 4089 1279 4161 aeternum,

134 4266 177 4318 tte
198 4259 343 4332 Roeperur
366 4253 429 4310 coll.
451 4249 514 4306 Job.
536 4247 614 4304 Stob.
635 4247 724 4316 eclog.
744 4242 769 4298 ll
789 4261 814 4314 p.
834 4243 888 4295 274
905 4241 952 4294 arri
970 4239 1021 4292 niv
1038 4238 1108 4298 tarde
1127 4235 1279 4308 λεγομένων

134 4353 282 4425 ιῦγένιιαν,
301 4345 427 4406 πλοῦτον,
446 4341 544 4404 δόξαν,
564 4337 681 4408 εἰρήνην,
706 4334 873 4414 ἐλευθερίαν,
898 4330 1006 4398 pelion:
1031 4325 1168 4398 ἐρρωμένη
1194 4323 1282 4390 uilior

134 4445 215 4514 uulgo
331 4438 377 4490 24.
396 4433 442 4488 25.
461 4431 504 4498 τὴν
520 4431 570 4503 μὲν
591 4427 749 4498 Roeperus:
769 4423 813 4476 τοῦ
830 4421 882 4494 μὲν
898 4418 980 4487 vulgo
