3056 4970
504 304 608 362 sinoti
628 305 754 365 nauus.
800 305 1018 364 vacuandus,
1177 353 1182 358 .
1265 305 1329 370 259

192 478 350 554 postremo
375 469 495 536 delatus
518 473 548 534 in
571 517 739 535 ......
775 471 832 536 sub
855 472 978 554 platano
1000 468 1166 536 considens
1189 469 1354 536 docebant

192 577 231 640 Et
252 596 328 640 vero
353 577 391 642 ad
421 587 591 642 extremum
616 577 738 642 cumin
764 595 804 641 eo
828 586 913 642 esset
935 585 967 641 ut
987 577 1078 660 plane
1101 579 1337 642 convinceretur

193 691 320 766 propter
341 683 563 750 diuturniorem
582 685 865 769 commorationem,
888 683 963 746 dixit
983 701 1036 766 se,
1060 686 1086 748 si
1109 686 1194 748 vivus
1217 703 1336 768 coope-

194 792 313 873 riretur,
342 797 550 854 surrecturum
574 807 646 854 esse
669 792 758 854 tertio
783 789 843 853 die.
890 791 1029 872 Denique
1043 789 1157 854 lessam
1175 799 1335 874 postquam

193 897 281 962 iussit
320 897 412 962 elladi
444 916 463 962 a
495 895 649 978 discipulis
684 898 748 960 suis
781 898 869 961 iussit
901 915 936 962 se
971 898 1135 978 cooperiri.
1190 898 1234 960 Illi
1272 901 1336 982 igi-

193 1010 243 1068 tur
265 1004 347 1086 quod
368 1005 483 1067 iussum
513 1009 579 1066 erat
606 1003 817 1086 perfecerunt,
848 1002 899 1066 ille
928 1010 1029 1066 autem
1062 1003 1159 1067 abluit
1187 1002 1224 1067 ad
1255 1003 1372 1067 huncio

195 1111 290 1189 dicm;
311 1128 374 1175 nou
397 1111 478 1173 euim
501 1117 566 1174 erat
587 1109 732 1174 christus.
776 1110 880 1173 Haece
903 1115 1004 1173 autem
1028 1115 1059 1172 et
1081 1108 1120 1172 de
1135 1111 1260 1174 Simone
1283 1111 1333 1174 la-

194 1218 277 1301 bula,
302 1217 384 1281 uude
406 1217 585 1280 Valentinus
607 1216 764 1298 proiectus
780 1215 846 1282 aliis
862 1215 1036 1280 nominibus
1050 1223 1214 1299 nuncupat.
1250 1217 1334 1280 llcrre

198 1325 278 1388 euim
302 1331 331 1388 et
351 1325 468 1388 aeriter
491 1331 521 1387 et
543 1325 631 1405 lopus
653 1328 684 1384 et
705 1324 771 1386 cito
792 1329 824 1385 et
845 1323 934 1386 domo
957 1330 989 1385 et
1010 1323 1158 1402 ecclesie,
1183 1321 1335 1387 Valentini

195 1449 330 1515 aeones,
361 1436 564 1513 aperierunt
590 1428 722 1494 Simonis
745 1447 803 1494 sex
824 1429 966 1495 radices:
997 1449 1098 1508 mena,
1122 1433 1334 1513 intellipemic,

196 1556 278 1622 coc,
299 1556 425 1615 acmen,
447 1537 646 1600 ratiocinatio
671 1543 703 1600 et
725 1538 881 1617 capitatio.
937 1536 999 1601 Sed
1029 1538 1173 1618 quoniam
1197 1537 1373 1604 videmurne

198 1645 287 1710 nobis
312 1644 387 1709 satis
410 1643 593 1726 exposuisse
615 1643 747 1710 simonis
770 1649 944 1708 commenta
967 1643 1153 1727 tabularum,
1177 1644 1335 1709 videamus

198 1751 271 1835 quid
295 1760 327 1815 et
347 1750 527 1814 Valentinus
551 1749 641 1814 dieat.

280 1854 332 1922 21.
375 1855 431 1920 Est
454 1861 556 1920 autem
578 1853 730 1918 Valentini
751 1859 836 1918 secta
859 1852 900 1916 ita
922 1862 1110 1936 comparata,
1133 1860 1167 1918 ut
1180 1853 1336 1938 Pythago-

197 1963 292 2027 rleam
318 1961 435 2026 relerat
463 1969 495 2026 et
522 1961 710 2024 Platonicam
741 1959 921 2024 doctrinam.
973 1961 1095 2026 Etenim
1120 1961 1203 2028 Plato
1227 1963 1258 2025 iu
1282 1963 1337 2026 Ti-

200 2085 290 2134 maeo
310 2070 432 2151 penitus
454 2069 608 2149 expressit
628 2065 850 2150 Pythagoram
879 2066 951 2130 ideo
982 2069 1125 2132 Timaeus
1148 2077 1180 2132 et
1203 2069 1269 2151 lpse
1292 2073 1376 2134 astte

201 2177 231 2238 ei
250 2174 463 2258 Pythagoreus
487 2171 612 2254 hospes.
658 2172 854 2254 Quapropter
874 2172 977 2255 placet
999 2177 1246 2238 commemoratis
1258 2165 1353 2257 pau-'

200 2283 245 2346 cis
274 2280 455 2362 quibusdam
484 2276 700 2363 Pythagoreas
723 2286 755 2342 et
776 2278 951 2344 Platonicae
976 2278 1136 2344 doctrines
1160 2279 1198 2345 ad
1222 2283 1339 2346 Valen-

199 2388 254 2451 tini
284 2383 626 2472 decreta'exponeuda
654 2387 796 2450 transire.
850 2385 971 2449 Etenim
993 2388 1114 2452 tametsi
1138 2389 1168 2451 iu
1192 2389 1238 2450 eis
1261 2405 1339 2470 quos

200 2495 285 2576 priua
317 2491 507 2558 confecimus
535 2491 620 2554 libris
649 2491 755 2555 insunt
782 2497 814 2555 et
841 2492 1034 2575 Pythagorae
1065 2500 1097 2558 et
1119 2494 1236 2558 Platoni
1259 2514 1339 2577 quae

199 2599 397 2682 placuerunt,
428 2603 530 2662 tameu
553 2597 644 2660 etiarn
667 2615 749 2660 nunc
771 2616 835 2662 non
856 2607 980 2682 praeter
1001 2617 1068 2664 rem
1090 2601 1377 2666 commemorabam

201 2724 257 2790 per
287 2705 443 2788 epitomen
468 2709 500 2766 et
521 2705 690 2767 summatim
720 2703 829 2786 placita
862 2723 985 2788 eorum,
1020 2722 1082 2787 quo
1104 2705 1223 2770 facilius
1245 2725 1341 2771 reco-

201 2819 391 2896 gnoscantur
420 2809 571 2875 Valentini
606 2809 732 2874 decreta
747 2867 752 2878 .
766 2828 823 2893 per
855 2811 1030 2892 propiorem
1071 2813 1340 2895 iuxlapositionem

202 2926 233 2982 et
254 2917 380 3000 parilem
405 2915 665 2997 comparationem
678 2964 687 2999 ‚
721 2935 789 2980 eum
812 2916 854 2982 illi
876 2916 1000 2998 quidem
1024 2918 1094 2982 olim
1119 2917 1157 2981 ab
1180 2919 1342 3002 Aegyptiis

202 3023 281 3087 laco
310 3022 437 3087 mutuati
464 3022 525 3085 siut
552 3027 584 3082 et
610 3021 747 3084 Graecos
775 3022 972 3106 accederint,
1006 3024 1058 3086 ille
1088 3033 1190 3088 autem
1214 3025 1342 3108 abillis,

203 3129 262 3194 nisi
285 3128 369 3210 quod
392 3126 500 3192 celarit
520 3143 576 3190 sua
599 3126 637 3189 alt
660 3126 717 3192 illis
741 3145 811 3192 esse
835 3137 971 3212 accepta,
995 3132 1107 3212 quippe
1130 3134 1182 3212 qui
1205 3133 1382 3213 peculia-to

89 3223 92 3232 ’
203 3255 269 3301 rem
289 3243 405 3300 sectam
431 3232 567 3298 condere
590 3241 719 3298 conatus
742 3234 835 3300 luerit
857 3283 864 3300 .
888 3283 896 3298 .
920 3285 927 3300 .
950 3286 957 3302 .
978 3255 1110 3318 namque
1132 3238 1182 3300 ille
1201 3257 1342 3303 eommu—
1472 3259 1477 3269 ·

205 3345 278 3406 tavit
291 3341 412 3406 illorum
428 3339 554 3403 decreta
565 3341 740 3404 nominibus
755 3348 785 3404 et
800 3344 944 3423 numeris,
966 3342 1115 3425 singulari
1130 3351 1233 3408 aulem
1250 3347 1344 3411 modo

205 3449 369 3532 appellavit
390 3455 421 3512 et
442 3447 596 3510 mensuris
624 3446 802 3532 descripsit,
833 3457 866 3514 ut
888 3447 1032 3512 haeresin
1056 3448 1206 3514 Graecam
1229 3454 1342 3514 variam

205 3555 337 3640 quidem,
360 3554 417 3619 sed
438 3553 656 3620 inconcinnam
682 3561 712 3618 et
735 3573 815 3636 quae
837 3573 898 3618 non
922 3554 1013 3621 eadat
1035 3557 1065 3619 iu
1089 3555 1240 3620 Christum
1263 3575 1344 3621 cou-

206 3662 303 3727 deret.
1353 3663 1383 3712 ³⁶

289 3765 341 3830 22.
386 3765 482 3847 Igitur
504 3765 683 3846 principium
706 3763 866 3828 doctrinae
888 3765 919 3826 in
942 3766 1067 3829 Timaeo
1089 3774 1135 3829 est
1157 3763 1275 3829 Platoni
1289 3782 1346 3830 sa-

206 3876 320 3956 pientia
344 3873 575 3954 Aegyptiorum.
620 3869 707 3934 llline
730 3871 810 3932 euim
833 3870 907 3936 Solo
931 3869 1108 3935 universam
1129 3870 1296 3936 doctrinam
1308 3873 1347 3934 de

207 3979 312 4046 mundi
336 3985 405 4043 ortu
428 3986 459 4041 et
480 3995 594 4042 occasu
616 3984 736 4042 uetusta
760 3978 892 4058 quadam
913 3977 994 4042 lama
1017 3986 1048 4042 et
1070 3977 1192 4041 lalidioa
1205 4027 1213 4060 ,
1245 3986 1278 4041 ut
1308 3980 1349 4041 ait

204 4147 324 4212 e-tt;
345 4165 369 4202 c.
392 4148 434 4202 19.
454 4163 483 4218 p.
503 4144 642 4208 30-38;
668 4141 909 4214 l.1V,c.dl.p.
931 4144 1059 4216 tateqq.
1174 4147 1219 4198 46.
1246 4141 1283 4198 ὅτι
1307 4140 1347 4218 dl]

207 4241 245 4296 dra
273 4237 295 4296 C
320 4237 351 4295 ll
474 4239 520 4292 47.
545 4235 618 4290 Ante
642 4235 816 4308 cnapedane
842 4234 1092 4308 (παραλλάξανταῖ)
1117 4233 1225 4290 ridetur
1247 4233 1350 4306 aliquid

208 4332 344 4390 exoldlue
465 4329 510 4385 bl.
539 4329 620 4398 tenu]
645 4331 713 4382 lom
735 4326 750 4394 ἢ
775 4325 806 4382 ld
920 4328 965 4382 52.
990 4327 1132 4384 Πλάτωνος
1154 4321 1185 4378 Μ
1298 4329 1351 4378 Σο-

207 4425 299 4498 λομῶν
318 4419 349 4478 C.
387 4419 429 4476 Gl.
450 4419 521 4476 Plat.
541 4416 612 4473 Tim.
631 4433 659 4490 p.
678 4419 712 4474 at
732 4435 791 4491 sqq.
1001 4483 1065 4551 W
