3050 4988
688 330 837 390 llelGUS.
1279 323 1342 390 325

193 505 299 561 sancta
322 503 498 562 sanctorum
521 498 731 583 intelligantur
748 506 780 562 et
794 517 874 581 quae
890 497 1088 582 pronunciari
1106 506 1270 582 nequeant,
1282 517 1343 562 οο-

193 606 301 688 gnosci
319 623 336 668 a
353 605 421 670 solo
437 605 524 669 Filio.
559 606 642 671 llaec
655 608 745 672 Pater
765 608 852 673 novit
871 625 951 691 quae
969 609 1039 670 siut.
1072 605 1117 670 Ea
1137 613 1248 690 autem,
1264 625 1343 688 quae

193 731 261 776 cum
285 731 376 776 sacro
399 712 521 776 silentio
544 722 577 777 et
599 733 667 778 cum
688 715 749 780 lide
773 715 991 798 enuncientur,
1014 714 1092 778 baec
1114 723 1198 778 sunt:
1220 715 1343 780 Arrhe-

191 827 239 883 tus
262 827 294 882 et
314 821 406 903 Sige,
429 821 518 885 Pater
540 828 571 885 et
591 821 744 887 Aletbeia.
788 824 883 888 lluius
907 830 1008 888 autam
1033 823 1247 905 quaternionis
1270 826 1381 888 uni-c

192 944 299 991 versus
330 945 476 992 numerus
502 929 610 1010 viginti
642 937 784 1010 quattuor
813 937 861 993 est
896 929 1129 995 elementorum.
1180 929 1343 1015 Arrhetus,

190 1031 367 1118 (Ἅρρηιος)
398 1035 479 1097 enirn
504 1035 595 1098 babet
617 1043 736 1118 septem
759 1036 926 1120 elementa,
957 1038 1031 1121 Siga
1054 1034 1183 1120 (Σοιγή)
1205 1040 1342 1119 quinque

191 1149 222 1204 et
243 1141 333 1204 Pater
355 1141 499 1225 (Πατήρ)
524 1143 659 1225 quinque
683 1149 714 1206 et
734 1143 876 1208 Aletbeia
900 1139 1088 1228 (Λλήθεια)
1109 1152 1237 1226 septem.
1280 1145 1341 1209 Pa-

190 1250 264 1311 riter
286 1257 386 1312 autem
411 1249 504 1312 etiarn
526 1249 603 1314 alter
627 1253 798 1335 quaternio,
820 1251 926 1335 Logos
950 1257 980 1313 et
1001 1251 1083 1336 Zoe,
1107 1250 1287 1331 Anthropus
1310 1257 1342 1314 et

189 1355 344 1439 Ecclesia,
368 1355 500 1420 eundem
524 1375 684 1421 numerum
710 1358 936 1424 elementorum
960 1358 1169 1424 reddiderunt.
1215 1359 1252 1422 Et
1268 1358 1378 1424 Sal-uo

189 1464 304 1526 valoris
328 1462 449 1526 ellabile
471 1481 594 1548 nomen,
619 1463 680 1528 boc
693 1472 740 1528 est
754 1465 855 1530 lesum
878 1461 1053 1551 (Ἰησοῦν),
1074 1466 1243 1530 litterarum
1268 1483 1340 1531 asse

189 1587 259 1654 sex,
292 1569 448 1634 inellabile
480 1579 582 1635 autem
617 1573 785 1635 numeratis
819 1572 993 1657 singulatim
1029 1573 1138 1638 littaris
1172 1574 1339 1638 litterarum

189 1679 293 1758 viginti
316 1683 461 1761 quattuor
484 1685 546 1762 est,
579 1675 648 1752 οἶός
670 1685 773 1743 autem
794 1678 931 1764 Χριστός
954 1677 1138 1764 (Χοειοτός)
1162 1681 1337 1746 duodecim.

186 1783 341 1848 lnellabile
365 1793 468 1849 autem
489 1785 521 1848 in
544 1785 666 1851 Christo
697 1805 809 1850 nomen
840 1789 963 1873 triginta
986 1788 1209 1852 elementorum
1233 1796 1264 1852 et
1285 1789 1338 1870 ip·

186 1910 252 1956 sum
275 1899 323 1956 est
345 1893 513 1956 secundum
537 1893 667 1977 litteras,
703 1911 782 1976 quae
810 1894 841 1958 in
872 1912 911 1958 eo
940 1897 1059 1980 insunt,
1087 1893 1245 1960 elementis
1267 1897 1376 1959 sin-tc

185 2000 310 2084 gulatim
334 2003 510 2064 numeratis.
566 2001 707 2066 Christos
728 1999 911 2088 (Χροιοτός)
941 2005 1022 2067 enim
1054 2021 1168 2068 nomen
1196 2003 1336 2068 elemen-

186 2115 287 2174 torum
316 2115 387 2174 octo
416 2115 472 2173 est.
517 2109 582 2172 Xat
601 2107 654 2195 (X)
684 2109 765 2172 enim
796 2109 897 2175 littera
920 2111 1008 2174 trium
1033 2112 1253 2176 elementorum
1278 2119 1336 2196 est,

187 2375 303 2456 primae
333 2377 575 2456 quaternationis
609 2374 733 2438 nomina
764 2381 871 2438 sancta
905 2380 1082 2439 sanctorum
1118 2374 1336 2460 intelliguntur,

186 2499 267 2563 quae
300 2499 363 2544 non
399 2487 528 2562 possunt
563 2484 714 2559 enarrari;
744 2483 956 2568 intelliguntur
982 2489 1083 2546 autem
1113 2500 1130 2544 a
1158 2480 1225 2544 solo
1249 2479 1336 2560 Filio,

185 2605 265 2671 quae
287 2587 377 2652 Pater
398 2590 457 2653 scit
479 2607 629 2671 quaenam
653 2597 731 2653 sunt.
774 2589 844 2654 Alia
866 2608 960 2668 vero,
990 2605 1160 2670 quaecum
1183 2586 1335 2670 gravitate

185 2709 215 2758 et
239 2695 359 2758 bonore
382 2703 412 2758 et
435 2693 496 2758 fide
521 2695 732 2781 nominantur,
764 2695 843 2777 apud
872 2714 941 2760 eum
970 2703 1041 2760 sunt
1072 2695 1169 2758 haec:
1202 2691 1336 2778 ἄρροιος

185 2811 215 2868 et
237 2801 322 2886 σιγή,
345 2798 448 2886 πατήρ
472 2810 503 2866 et
525 2798 678 2885 ἀλήθεια.
730 2803 824 2868 lluius
859 2811 959 2867 autem
987 2800 1232 2884 quaternationis
1259 2799 1334 2861 uni-

182 2927 291 2973 versus
313 2927 457 2974 numerus
479 2917 526 2972 est
547 2909 713 2973 litterarum
736 2909 844 2994 uiginti
868 2916 1019 2992 quattuor.
1071 2905 1222 2992 ’Λρρηιος
1253 2905 1332 2967 enirn

184 3034 296 3080 nomen
325 3015 443 3079 litteras
471 3014 563 3080 babet
591 3019 621 3079 in
655 3036 691 3082 se
721 3026 855 3101 septem,
886 3012 972 3100 σειγή
1000 3015 1136 3097 quinque
1172 3022 1201 3076 et
1229 3009 1333 3096 πατήρ

183 3125 318 3206 quinque
341 3131 372 3188 et
394 3119 538 3207 ἀλήθεια
559 3123 621 3208 Vll,
644 3143 727 3207 quae
750 3126 921 3205 composita
944 3124 974 3186 in
999 3141 1051 3205 se,
1074 3122 1121 3186 bis
1144 3123 1280 3203 quinque
1304 3129 1334 3182 et

183 3231 229 3295 bis
252 3238 385 3312 septem,
411 3229 519 3294 XXllll
544 3249 703 3294 numerum
733 3230 984 3314 adimpleverunt.
1040 3230 1181 3294 Similiter
1213 3237 1243 3291 et
1276 3245 1332 3292 sc-

183 3335 283 3399 cunda
307 3339 500 3417 quaternatio
524 3337 628 3422 Logos
652 3347 680 3401 et
703 3339 787 3420 Zoe,
817 3337 997 3420 Anthropos
1031 3343 1060 3399 et
1086 3335 1227 3399 Ecclesia
1250 3352 1332 3397 eun-

183 3443 251 3506 dem
275 3461 434 3506 numerum
458 3445 680 3507 elementorum
703 3445 912 3508 ostenderunt.
962 3443 1001 3507 Et
1023 3442 1184 3508 salvatoris
1207 3459 1331 3524 quoquc

181 3549 336 3614 narrabile
358 3568 471 3613 nomen
490 3547 608 3636 Ἰησοῦς
630 3552 796 3615 litterarum
820 3560 866 3616 est
888 3569 964 3633 sex,
992 3550 1199 3616 inenarrabile
1229 3558 1329 3614 autem

183 3658 249 3721 eius
268 3657 436 3721 litterarum
460 3659 566 3741 viginti
590 3667 749 3742 quattuor,
778 3651 854 3731 Υἱός
877 3667 908 3722 et
929 3655 1065 3741 Χριστός
1082 3659 1248 3722 litterarum
1266 3657 1330 3738 Xll,

185 3765 268 3848 quod
292 3775 339 3830 est
362 3775 462 3831 autem
491 3767 520 3827 ln
551 3764 671 3829 Christo
703 3767 926 3850 inenarrabile,
955 3766 1122 3830 litterarum
1155 3765 1249 3828 XXX.
1293 3764 1332 3827 Et

183 3882 309 3954 propter
340 3871 401 3935 boc
431 3874 472 3935 ait
501 3890 570 3935 eum
597 3876 634 3935 A
653 3881 684 3936 et
705 3874 745 3957 Ω,
767 3883 801 3937 ut
822 3871 1007 3960 περιστεράν
1038 3872 1227 3957 manifestet,
1261 3889 1329 3935 cum

182 3977 263 4041 bunc
285 3996 446 4041 numerum
470 3978 582 4042 babeat
604 3979 682 4042 baec
709 3983 783 4044 avis.

180 4211 421 4286 ἐγγρομμάτωνῦ
538 4212 605 4269 Pon
630 4214 800 4288 γραμμάτων
826 4214 896 4273 cll
915 4217 1018 4273 addunt
1053 4215 1162 4270 τουτέστι
1175 4212 1220 4267 τὸν
1230 4211 1330 4279 Ἰησοῦν

183 4306 225 4360 13.
244 4305 272 4359 nl
290 4303 329 4382 dl]
348 4307 383 4379 τῷ
400 4305 468 4362 δι’(ἶ
585 4307 628 4362 14.
647 4307 693 4361 καὶ
711 4308 774 4361 αὐτὸ
791 4312 856 4380 τοῖς]
875 4307 955 4365 Haec
975 4319 1003 4366 et
1021 4325 1091 4383 quae
1110 4311 1262 4379 sequuntur
1275 4322 1329 4358 us-

181 4413 235 4469 que
254 4397 288 4452 ad
307 4397 356 4454 liu.
378 4400 409 4454 la
427 4399 484 4453 Kal
501 4399 547 4454 διὰ
564 4400 636 4454 τοῦτο
654 4399 755 4455 desunt
772 4400 801 4456 iu
820 4399 936 4458 Irenaeo
1064 4401 1106 4454 lb.
1125 4397 1175 4450 nair
1192 4399 1329 4469 στοιχείων

180 4495 404 4574 ἀριθμουμένων]
424 4505 555 4573 στοιχεῖον
572 4499 779 4576 ἀριθμούμενον
796 4497 862 4558 GM
981 4503 1021 4556 16.
1035 4495 1091 4575 χοῖ]
1105 4479 1157 4573 iq]
1173 4495 1210 4554 Gt
1222 4481 1275 4574 ’ie-a
1298 4498 1327 4556 Μ
