3052 4984
602 330 731 388 sssttttt.
1196 326 1259 390 475

21 507 35 546 'r
110 493 296 558 asseclarum
320 516 338 559 e
361 504 442 560 terro
467 505 573 561 extero
603 499 706 585 adest,
737 503 836 566 omnin
867 503 896 565 ei
923 502 1093 566 communie
1128 499 1252 586 hebent,

111 609 142 666 ct
165 622 243 686 quos
266 623 329 670 non
358 614 449 670 anteo
472 618 698 695 cognoverunt,
725 617 868 693 tnnqunrn
899 609 1083 676 domesticos
1106 616 1136 672 et
1158 609 1251 675 iami-

21 711 39 788 ”5
109 710 202 777 liores
223 716 381 796 recipiunt.
425 715 594 802 Peregrent
616 726 717 783 eutem
739 721 867 803 petriam
889 727 1014 801 terrem,
1036 737 1159 801 semper
1173 730 1290 802 pro-to

31 845 38 877 :
109 819 284 886 ficiscentes
313 824 386 888 nihii
414 834 572 909 gestantes
602 835 728 910 proeter
754 848 846 894 nrrno.
893 829 1013 892 Habent
1035 836 1136 892 cotem
1161 830 1250 892 etiarn

25 982 34 994 .
110 931 141 993 in
158 934 279 1015 singule
302 953 425 1016 qnoque
447 938 568 1000 civitate
590 937 773 1022 praesidem,
796 940 846 1020 qui
863 957 909 1023 en,
929 957 1008 1020 quoe
1029 939 1065 1001 nd
1089 937 1149 1002 hoo
1172 957 1253 1002 con-

21 1045 38 1104 α
109 1049 269 1122 gernntur,
295 1043 442 1126 expendit
465 1051 567 1110 vestes
589 1047 736 1129 cibosque
759 1047 796 1111 iis
817 1048 1004 1130 adparando.
1047 1047 1179 1112 Vestitus
1195 1065 1254 1110 en-

21 1211 22 1214 ,
111 1155 170 1212 tem
195 1170 301 1216 eorum
326 1160 356 1217 et
378 1153 498 1218 habitus
522 1156 730 1236 verecundus3
753 1159 871 1221 tunicas
895 1165 995 1222 nutem
1020 1156 1168 1220 doesnel
1192 1157 1252 1220 dn-

21 1289 37 1324 ις
108 1261 197 1341 plicia
221 1263 429 1328 calceamento
451 1283 513 1328 non
538 1265 595 1330 sibi
618 1275 812 1348 compereot3
836 1266 960 1348 quondo
984 1275 1085 1330 entem
1110 1285 1157 1350 cn,
1179 1267 1291 1348 qui-to

21 1394 34 1440 t:
108 1370 166 1434 bus
189 1378 330 1457 utuntur,
362 1380 514 1438 vetustate
538 1374 775 1458 obsoleverunt,
808 1384 868 1446 turn
899 1375 959 1440 olio
981 1375 1149 1438 admittunt.
1194 1375 1251 1439 Ni-

21 1495 24 1568 2
107 1479 150 1543 hil
178 1489 278 1545 nutem
311 1485 436 1547 omnino
465 1502 567 1565 neque
600 1493 704 1548 emunt
735 1503 836 1567 noque
864 1485 1014 1562 vendunt,
1038 1483 1119 1566 quod
1152 1492 1251 1548 nutem

21 1641 23 1652 .
108 1591 177 1673 quis
201 1591 314 1655 hnbcet
336 1611 399 1656 non
423 1591 547 1656 habenti
569 1593 661 1676 dens,
683 1592 765 1675 quod
789 1594 855 1675 ipse
878 1611 940 1658 non
964 1591 1058 1656 hebet
1080 1594 1199 1675 accipit.

193 1696 244 1762 21.
288 1699 470 1764 Permanent
491 1707 591 1764 entem
615 1701 786 1783 composite
804 1708 835 1763 et
853 1700 977 1764 assidue
992 1707 1156 1784 precantes
1179 1700 1251 1764 intio

21 1873 23 1884 ,
108 1807 350 1888 spurcities,
378 1808 450 1871 niiril
473 1809 557 1890 prius
586 1809 745 1872 vociferati
773 1827 862 1890 quom
894 1807 983 1872 deum
1014 1808 1134 1893 hymnis
1163 1809 1289 1874 cete-to

21 1957 32 1998 ς
106 1915 291 2000 hiaverunt,
315 1922 347 1979 et
368 1918 398 1980 in
421 1916 501 1979 huno
524 1916 647 1980 modurn
670 1919 830 2000 progressi
852 1917 964 2001 singuli
980 1920 1094 2001 quique
1108 1917 1146 1980 cd
1167 1920 1250 2000 quod

27 2072 32 2095 .
106 2023 216 2087 volunt
238 2031 420 2108 operentur,
453 2031 485 2088 et
515 2032 673 2108 postquem
698 2043 796 2108 usque
826 2026 864 2088 ed
888 2028 1021 2109 quintum
1041 2026 1147 2092 horem
1172 2046 1252 2112 ope-

27 2179 31 2187 .
106 2133 164 2195 reti
188 2139 275 2215 sunt,
298 2133 503 2214 requiescunt
558 2132 632 2195 Tum
656 2151 763 2198 rursus
786 2136 948 2218 congressi
976 2136 1006 2197 in
1029 2153 1122 2200 unum
1149 2135 1250 2201 iocum

21 2278 28 2296 .·
107 2247 138 2302 ct
161 2239 328 2321 perizoniis
355 2240 456 2304 linteis
480 2242 610 2305 accincti
643 2243 679 2306 od
708 2241 885 2326 obtegendo
916 2243 1073 2327 pudende,
1107 2247 1138 2308 in
1170 2246 1251 2309 hunc

106 2346 231 2410 modurn
254 2347 365 2431 frigida
389 2367 467 2430 eque
491 2347 670 2432 ablnuntur,
702 2355 733 2412 et
764 2355 925 2431 postquem
955 2351 996 2415 ita
1027 2355 1149 2433 purgati
1170 2361 1288 2438 sunt‚2s

21 2527 29 2538 μ
106 2458 254 2520 inunum
278 2456 427 2521 conclave
450 2463 564 2520 coeunt
581 2456 684 2541 (nemo
707 2465 807 2520 eutero
831 2476 899 2521 cum
923 2458 1026 2540 aliquo
1045 2462 1094 2541 qui
1119 2461 1249 2526 alienum

25 2630 29 2645 ¹
106 2566 290 2629 sententium
315 2565 505 2646 nmpiectitur
527 2565 673 2628 convenit
694 2567 724 2628 in
747 2564 948 2650 hecilone),
977 2573 1007 2630 et
1030 2567 1067 2630 ed
1090 2569 1250 2650 prandium

21 2650 28 2778 ῥ’
107 2670 267 2738 accedunt.
311 2673 474 2753 Postquam
497 2678 599 2738 eutero
624 2673 731 2736 ordine
756 2671 967 2737 consederunt
988 2693 1056 2739 curn
1074 2677 1248 2757 tranquilli-

106 2821 182 2833 ..-
550 2817 713 2828 -ο--ι-

21 2961 25 2990 ,
194 2905 223 2966 5.
268 2899 359 2985 Πρός
378 2923 413 2981 γε
434 2905 497 2986 μην
518 2901 552 2964 τι)
575 2903 670 2965 θείου
692 2899 782 2976 ίδίως
802 2899 955 2985 εδσεβεϊς·
982 2908 1059 2990 πρὶν
1079 2907 1141 2990 γάρ
1164 2905 1247 2972 άνα-

21 2991 24 3108 η
106 3021 192 3093 σχεῖν
212 3010 267 3076 τδν
289 3009 381 3098 ἥλιον
416 3008 513 3074 otoo
543 3013 742 3096 φθέγγονται
769 3014 833 3076 τάν
860 3011 1013 3100 βεβήλων,
1036 3020 1190 3102 πατρίους
1210 3018 1248 3082 δέ

21 3181 23 3212 z
104 3143 193 3197 τινας
223 3121 269 3196 είς
303 3119 401 3185 αδτδν
432 3117 528 3201 εὐχάς
560 3119 665 3204 αἷσπερ
701 3117 886 3198 ἱππεύοντες
920 3124 1098 3190 άνατετλαι.
1152 3129 1247 3194 Meso?

21 3295 22 3298 ,
104 3234 203 3296 ταῦτα
224 3233 304 3316 πρδς
327 3230 367 3304 ἃς
387 3231 511 3293 ἔκαστοι
532 3231 642 3309 τέχνας
663 3231 769 3293 ἴσασιν
789 3229 854 3295 ὑπδ
875 3235 939 3297 τῶν
959 3232 1155 3322 ἐπιμελητῶν
1173 3237 1247 3303 δια-

105 3343 230 3427 φίενται
249 3340 350 3422 (ίέναι
372 3336 521 3423 ἀφίενται
543 3339 689 3423 Porphyr.
713 3341 732 3404 l.
756 3340 774 3404 l.
799 3350 828 3416 ς.
855 3341 920 3426 12.)
927 3391 939 3419 ,
971 3348 1025 3407 eat
1050 3347 1143 3430 μέχρι
1163 3350 1247 3432 πέμ-

105 3473 181 3536 πτης
203 3450 289 3535 (δρας
309 3446 522 3535 ἐργασάμενοι
544 3448 714 3525 συντόνως,
745 3450 852 3513 ἔπειτα
883 3449 983 3515 πάλιν
1004 3453 1050 3528 είς
1070 3458 1106 3518 ἓν
1127 3453 1247 3540 α’θροί-

106 3559 210 3636 ζονται
231 3562 357 3643 χωρίον,
380 3556 556 3641 ζωσάμενοί
569 3581 600 3620 τε
621 3558 820 3640 σκεπάσμασι
834 3558 934 3635 λινοῖς
950 3560 1048 3638 οὕτως
1065 3561 1247 3631 άπολούον-

104 3694 155 3732 ται
176 3668 211 3732 τὸ
233 3671 325 3750 σῶμα
347 3677 484 3753 ψυχροῖς
506 3665 613 3730 δδασι·
644 3671 698 3730 καὶ
718 3667 797 3750 μετά
818 3669 932 3754 ταύτην
959 3669 1014 3755 την
1043 3670 1175 3751 ἁγνείαν
1202 3677 1247 3753 είς

38 3831 42 3840 ,
105 3777 189 3842 ἴδιον
210 3779 326 3861 οἴκημα
348 3779 505 3852 συνίασιν,
530 3773 616 3838 ἔνθα
637 3774 749 3860 μηδενὶ
769 3779 831 3839 ταῖν
852 3775 1045 3862 ἑτεροδόξων
1057 3782 1245 3867 ἐπιτέτραπ-

105 3909 154 3950 ται
171 3885 365 3970 παρελθεῖν·
388 3884 479 3949 αδτοί
495 3909 527 3949 τε
549 3889 693 3971 καθαροὶ
714 3887 867 3973 καθάπερ
888 3889 934 3964 είς
955 3888 1050 3970 άγιάν
1070 3915 1098 3955 τι
1120 3897 1246 3976 τέμενος

105 3997 330 4081 παραγίνονται
357 3995 392 4057 τδ
415 3993 642 4079 δειπνητήριον.
696 4000 758 4060 Καὶ
785 3997 993 4062 καθισάντων
1024 4001 1246 4084 (καθισάντων

105 4104 141 4168 δὲ
162 4104 324 4188 Porphyr.)
353 4101 435 4186 μεθ’
467 4100 636 4188 ἡσυχίαςδ
664 4107 724 4186 μὲν
747 4109 905 4182 σιτοποιὸς
930 4107 966 4172 ἐν
993 4110 1078 4186 τάξει
1108 4116 1246 4195 παρατί-

104 4217 201 4300 θησιν
232 4214 359 4301 ἄρτους,
389 4209 407 4275 δ
435 4211 472 4275 δὲ
500 4209 651 4295 μάγειρος
680 4217 717 4276 tv
746 4211 875 4294 άγγείον
904 4217 940 4294 ἐξ
975 4215 1047 4293 ἑνδς
1074 4218 1245 4304 ἐδέσματος

878 4362 1242 4380 mm

103 4445 140 4486 πς
157 4440 232 4495 susp.
252 4419 281 4477 M
432 4421 476 4476 33.
502 4418 818 4489 circumductionem.
857 4421 982 4480 Correxit
1000 4425 1027 4480 M
1053 4427 1115 4482 coil.
1141 4429 1189 4484 iio.
1208 4434 1240 4487 tt

102 4517 167 4573 κατὰ
184 4517 257 4578 τάξιν
389 4516 434 4570 41.
452 4513 625 4580 καθηοάνιων
642 4512 663 4569 C
