2920 4982
433 360 718 428 nucarluhlarto:
762 367 971 437 Philosoent
1214 376 1278 446 499

121 521 242 606 oipium
275 527 356 590 enim
387 529 522 596 uniuersi
556 551 597 596 ex
631 553 738 601 eorum
778 550 929 608 sententia
960 553 1006 610 est
1035 549 1160 614 materia
1196 553 1316 624 nuileio

124 631 271 712 praedita
294 635 439 716 qualitate
463 645 495 702 et
518 642 598 705 omni
633 661 672 706 ex
698 653 785 727 parte
810 651 978 733 mutabilis3
1014 673 1051 718 aa
1081 664 1181 723 autem
1210 681 1277 726 oum

121 743 336 825 convertitur,
360 753 527 812 naseuntur
549 751 644 836 ignis,
667 761 860 842 auersaque,
883 768 976 828 terra.
1020 763 1067 828 Ex
1089 784 1151 832 uno
1175 777 1278 834 autem

123 865 234 932 eoque
257 853 402 933 qualitate
424 857 564 938 praedito
588 861 666 925 lecta
691 881 764 928 esse
792 868 897 933 volunt
922 874 1022 937 omnia
1048 880 1078 936 et
1099 875 1223 960 Hippasi
1247 887 1279 946 et

123 957 350 1026 Anaximandri
374 972 406 1028 et
427 965 561 1032 Thaletis
583 969 693 1036 Milesii
716 973 853 1043 scholae.
899 979 1049 1063 llippasus
1067 985 1191 1066 quidem
1206 987 1276 1051 lie-

121 1071 285 1151 tapontius
320 1078 352 1136 et
384 1073 556 1140 lleraelitos
586 1079 738 1162 Ephesius
769 1103 809 1148 ex
838 1087 911 1170 igne
942 1088 1176 1158 declaraverunt
1206 1111 1315 1162 esseda

122 1195 232 1242 rerum
257 1181 426 1267 originem,
451 1184 679 1252 Anaximander
702 1200 803 1256 autern
837 1213 878 1259 ex
909 1205 997 1282 edre,
1031 1199 1141 1265 Thales
1174 1210 1275 1268 autem

122 1303 168 1348 ex
190 1305 288 1373 aqua,
310 1290 520 1373 Xenophanes
544 1301 644 1360 autern
667 1316 707 1362 ex
730 1305 822 1365 terra.
867 1302 919 1367 Ee
941 1313 1026 1370 terro
1048 1311 1145 1388 enim,
1168 1310 1275 1398 inquit,

122 1397 234 1458 omniu
252 1405 340 1477 tant,
365 1408 396 1461 et
417 1402 450 1464 ira
474 1410 588 1482 teram
610 1409 714 1470 omnio
736 1410 887 1476 desinant.

212 1503 242 1570 7.
288 1507 334 1570 Ex
356 1507 494 1590 pluribus
518 1518 617 1575 eutem
648 1521 680 1578 el
703 1519 956 1606 numerabilibus,
990 1521 1109 1590 duobus
1141 1525 1275 1613 quidem,

120 1617 208 1674 terra
231 1617 262 1675 et
285 1631 364 1697 aqua
387 1617 564 1682 uuiversum
587 1628 732 1687 constare
755 1627 911 1708 aitpoeta
933 1629 1093 1704 Homerus.
1116 1639 1179 1697 tum
1201 1636 1311 1717 qui-eo

119 1719 192 1785 dem
219 1721 344 1787 dicens:

257 1830 479 1918 Oceanumque
500 1779 626 1900 deomrm
648 1839 798 1922 oripiaem
820 1850 852 1906 et
870 1851 998 1909 matrem
1021 1845 1143 1931 l'ethpn,

120 1942 186 2002 tum
216 1957 311 2006 vero:

250 2049 316 2113 Sed
336 2067 393 2114 ooo
413 2069 518 2116 omnes
539 2071 622 2136 oque
644 2063 676 2119 et
695 2063 780 2120 ter-ro
799 2057 892 2137 liotir.

119 2153 297 2221 concinere
329 2167 429 2222 autem
458 2176 528 2224 oum
558 2179 597 2226 eo
635 2163 758 2228 videtur
792 2166 883 2230 etiam
920 2165 1134 2252 Xenophanes
1170 2169 1308 2244 Colo-ee·

119 2263 271 2346 phonios:
293 2268 335 2332 ait
357 2269 455 2332 enim:

246 2375 310 2441 Nor
332 2395 436 2443 ornnes
457 2380 538 2442 enim
559 2399 601 2443 ee
621 2387 706 2444 terra
727 2389 759 2446 et
777 2399 860 2465 equo
882 2384 984 2446 exorti
1006 2403 1119 2450 mmor.

118 2478 167 2544 lix
189 2489 270 2547 terra
295 2493 396 2549 autem
420 2493 453 2550 et
475 2485 602 2552 aethere
633 2485 813 2575 Euripides,
848 2496 882 2554 ot
906 2491 979 2555 lieet
1006 2509 1201 2576 eognoseore
1228 2513 1269 2558 ex

121 2591 267 2672 eoquod
293 2591 381 2656 dioit:

249 2699 384 2763 Aethere
405 2709 437 2765 et
456 2709 570 2765 terrem
591 2703 805 2768 uniuersorum
826 2707 1008 2786 penita-irem
1030 2717 1131 2773 conto.
1273 2709 1304 2760 ⁶⁰

119 2805 166 2871 Er
187 2815 333 2891 quattuor
354 2817 456 2874 autem
479 2809 700 2896 Empedocles,
723 2830 791 2875 oum
815 2813 907 2877 sitin
931 2813 1011 2880 huno
1037 2815 1177 2880 modom:

245 2999 397 3067 Ὠκεανόν
417 3024 449 3066 aa
470 3003 561 3066 θεῶν
580 3003 704 3082 γένεσιν
725 3007 780 3068 καὶ
800 3005 920 3092 pprdpoe
946 3005 1072 3092 Τηθύν,

121 3105 170 3175 det
192 3108 244 3175 dd·
657 3161 659 3166 -

243 3214 332 3283 Ἀλλ’
354 3215 444 3302 ὑμεῖς
463 3221 523 3301 μὲν
544 3215 661 3294 πάντες
681 3216 769 3305 ὕδωρ
791 3221 846 3281 aral
866 3227 947 3296 rarior
966 3220 1128 3300 γένοισθε.
1226 3256 1228 3262 v

119 3330 349 3415 Σνμφέρεσθαι
385 3326 419 3391 d'
448 3326 536 3415 adripi
565 3325 655 3392 doust
684 3322 755 3390 κατ’
788 3325 892 3402 ἐνίους
921 3330 976 3391 arod
1005 3326 1023 3392 d
1055 3328 1265 3418 Κολοφώνιος

118 3437 320 3526 Ξενοφάνης·
343 3442 422 3524 (ppei
440 3435 521 3524 γάρ·

245 3547 367 3624 Πάντας
388 3546 451 3632 γὰρ
471 3546 563 3631 γαίης
583 3566 616 3608 rs
635 3546 690 3606 aori
711 3540 826 3617 ὕδατος
846 3540 1076 3627 ἐκγενόμεσθα.

117 3651 166 3720 Ἐκ
183 3659 240 3743 γῆς
261 3655 298 3721 dd
320 3658 375 3720 aral
395 3654 532 3738 αἶθέρος
552 3650 746 3740 Εὐριπίδης,
770 3649 814 3728 ὥς
835 3651 989 3740 πάρεσαν
1006 3653 1204 3734 ἐκδέξασθαι
1225 3659 1261 3724 ἐκ

120 3767 171 3830 rori
192 3763 295 3845 λέγειν
316 3761 431 3830 αὐτόν·

246 3875 377 3960 Αἰθέρα
398 3877 453 3937 καὶ
473 3882 572 3953 γαῖαν
592 3870 723 3936 πάντων
742 3869 921 3954 γενέπιραν
945 3867 1054 3935 ἀείδω.

116 3979 164 4047 Ἐκ
181 3981 344 4068 τεσσάρων
365 3982 401 4048 δὲ
423 3979 441 4046 d
459 3979 683 4066 Ἐμπεδοκλῆς·

122 4178 200 4236 0an
307 4180 352 4234 5³.
378 4176 583 4250 toppe'prrdm]
602 4175 759 4249 Σαμφερὲς,
779 4173 897 4246 positor
915 4188 1000 4244 super
1023 4169 1099 4244 φεῦ
1213 4173 1257 4228 55.

16 4293 21 4304 ·
121 4267 219 4341 Frapm.
238 4269 265 4325 9.
285 4285 313 4339 p.
332 4269 377 4323 46.
397 4267 489 4324 Karai.
614 4267 669 4343 γὰρ
686 4271 765 4342 γαίης
789 4263 825 4343 re]
851 4269 931 4338 γαίης
955 4261 1025 4320 cll
1157 4263 1261 4336 lepard-

120 4357 212 4438 ptrdo]
231 4359 381 4434 iyrro'predo
400 4357 422 4416 C
442 4358 472 4416 Μ
586 4360 630 4415 56.
650 4356 769 4436 αἰθέρος]
793 4359 872 4432 ἀέρος
890 4354 912 4413 C
930 4355 959 4413 M
1072 4343 1120 4410 38.
1142 4351 1185 4409 De
1206 4354 1259 4410 hoe

121 4472 209 4519 rerro,
228 4470 309 4526 qoem
330 4469 363 4506 ex
382 4448 523 4525 Euripidis
542 4450 650 4524 hymnis
670 4452 816 4526 repetitum
837 4468 899 4505 erae
918 4455 996 4525 potat
1015 4443 1035 4500 Ι.
1055 4443 1090 4500 Α.
1110 4441 1260 4512 Fabricios,

124 4549 154 4605 cl.
171 4564 241 4622 quae
261 4547 301 4600 rir
318 4547 424 4602 clariss.
444 4545 591 4617 disputarit
610 4543 644 4598 ad
663 4544 753 4598 locum
775 4540 851 4597 Sexti

902 4637 971 4702 32⁸
