3006 4976
600 277 779 342 naussum.
1233 279 1292 347 151

233 451 264 517 8.
309 451 394 516 Ηεεε
418 457 448 512 ει
472 449 542 514 talia
566 450 663 514 secuti
686 449 802 514 mirifici
823 449 966 535 gnostici,
989 451 1169 516 inventores
1192 471 1293 517 novae

148 559 366 644 grammaticae
397 560 487 640 artis,
519 565 620 620 vatem
650 575 738 620 sunm
767 557 932 620 Homerum
962 556 1040 621 haec
1069 559 1205 640 prodere
1236 577 1331 642 pereo

147 685 262 732 arcana
293 666 475 748 profitentur
503 672 535 728 ει
561 681 716 730 sacrarum
749 665 966 746 scripturarum
998 670 1142 746 expertos
1165 668 1195 730 in
1219 668 1290 731 talia

148 780 322 838 commenta
352 771 541 836 abducentes
573 771 777 835 ludificantur.
835 771 947 834 Dicunt
981 779 1105 835 autem:
1138 775 1189 856 qni
1220 775 1293 836 dicit

148 879 251 944 omnin
287 897 328 942 ex
358 896 421 943 uno
454 884 619 960 constare,
654 877 762 942 devius
791 885 894 962 errat,
931 880 982 960 qni
1013 879 1085 942 dicit
1115 899 1156 944 ex
1184 882 1291 962 tribus,

146 993 236 1052 recte
269 987 340 1051 dicit
371 995 402 1050 ει
431 987 646 1050 universorum
674 986 826 1050 rationem
861 987 987 1066 aperiet.
1041 985 1107 1049 Una
1130 989 1209 1049 enim
1235 997 1290 1070 est,

147 1096 259 1178 inquit,
295 1095 382 1158 beata
409 1100 516 1158 natura
540 1093 623 1156 beati
646 1093 792 1177 hominis,
816 1095 870 1176 qui
892 1111 985 1175 supra
1015 1101 1078 1178 εει,
1102 1093 1329 1175 adamantinas

148 1220 209 1266 una
234 1209 334 1265 autem
359 1200 510 1284 mortalis,
539 1219 619 1283 quae
642 1200 722 1263 inira
745 1208 792 1264 est
801 1251 809 1284 ,
840 1219 931 1264 unum
955 1207 1055 1293 autem
1077 1203 1160 1265 irrex
1182 1221 1291 1288 genus,

148 1307 233 1390 quod
255 1325 362 1372 sursus
387 1315 526 1371 ereetum
550 1314 605 1390 est,
628 1307 681 1370 nbi
706 1315 762 1391 cst,
784 1309 895 1390 inquit,
918 1307 1064 1390 Mariam,
1089 1327 1168 1391 quae
1191 1310 1292 1372 vesti-

149 1423 251 1500 gatur,
274 1421 305 1478 ει
326 1413 441 1498 iothor,
464 1432 594 1498 magnus
618 1415 751 1496 sapiens,
775 1421 807 1476 ει
828 1413 998 1496 Sepphora,
1023 1434 1103 1496 quae
1128 1419 1236 1498 cernit,
1260 1424 1291 1480 ει

148 1523 263 1604 Μοεεε,
287 1523 374 1604 cujus
398 1540 496 1603 genus
519 1541 581 1584 non
607 1529 654 1585 est
678 1523 706 1583 in
730 1521 884 1605 Aegypto,
909 1524 970 1585 nati
993 1524 1072 1586 euim
1096 1531 1167 1588 sunt
1189 1525 1218 1586 ei
1240 1523 1292 1586 iiiii

126 1651 137 1666 ·’
148 1631 181 1693 in
204 1627 344 1692 Madism.
390 1629 428 1692 Et
449 1627 519 1712 hoc,
542 1629 647 1710 inquit,
671 1646 711 1689 ne
732 1636 842 1708 poetas
867 1628 989 1710 quidem
1011 1629 1111 1713 fugit:
1300 1646 1330 1694 oo

236 1735 394 1800 Triiariam
428 1743 527 1800 autem
547 1736 663 1814 ‚omnia
695 1735 791 1797 divisa
823 1741 910 1819 sunt,
945 1738 1158 1818 unusquisqne
1191 1742 1291 1799 autem

834 1848 1011 1927 nactnsest
1033 1842 1194 1908 honorem.

150 1949 281 2031 Oportet
311 1951 391 2013 enim
424 1948 482 2012 dici
512 1947 757 2032 magnitudines,
788 1949 847 2012 dici
878 1958 978 2013 autem
1010 1954 1055 2014 sic
1082 1952 1120 2015 ab
1150 1952 1291 2017 omnibus

147 2058 271 2139 ubique,
301 2065 333 2120 nt
356 2055 513 2120 audientes
536 2073 575 2118 ne
600 2054 721 2118 audiant
744 2063 774 2117 ει
795 2053 934 2120 videntes
959 2058 1170 2150 non-videant.
1215 2059 1290 2123 Nam

148 2163 259 2227 sinon
283 2162 471 2245 dicerentur,
500 2163 609 2246 inquit,
639 2162 876 2246 magnitudines,
907 2166 1036 2228 mundus
1066 2173 1207 2230 constare
1228 2185 1330 2239 nonos

147 2277 274 2354 poterat
318 2270 384 2333 Hae
413 2277 482 2333 sunt
502 2277 565 2333 tres
587 2269 656 2332 illae
680 2269 997 2350 magnificentissimae
1020 2290 1130 2337 voces:
1171 2275 1290 2338 Corola-

148 2397 220 2456 ecu,
242 2377 409 2456 scamna,
432 2379 567 2442 Zecsur:
594 2377 753 2440 Conlocare
775 2377 853 2441 iilius
877 2381 927 2460 qui
951 2397 1043 2461 snpra
1066 2387 1112 2443 est
1135 2379 1293 2445 Adaman-

147 2487 186 2550 tis
194 2535 202 2568 ,
224 2486 383 2549 Sculcscu
410 2487 477 2568 ejus
509 2486 560 2566 qui
590 2483 668 2546 inira
692 2491 739 2546 est
761 2485 909 2566 mortuiis,
937 2487 1055 2548 Zcesur
1080 2486 1217 2550 Iordanis
1241 2488 1292 2568 qni
1317 2535 1319 2540 .

148 2607 270 2658 sursum
302 2589 395 2656 fluxit.
443 2592 498 2656 Hic
524 2599 581 2674 est,
610 2592 722 2672 iuquit,
749 2591 800 2654 iiie
822 2592 852 2652 in
876 2593 1014 2655 omnibus
1035 2591 1203 2678 (praesens)
1225 2611 1291 2656 mas

149 2707 181 2766 et
211 2678 322 2764 femina
352 2699 440 2763 simnl
463 2698 563 2781 homo,
588 2717 677 2779 quem
702 2699 753 2779 qui
775 2697 917 2780 ignorant
941 2699 1114 2782 Geryonem
1139 2699 1314 2781 appollonia

148 2809 365 2892 tricorporem,
388 2814 531 2887 tanquam
554 2823 595 2867 cx
615 2812 696 2868 terra
719 2803 861 2868 liuentem
879 2805 1068 2887 Terriliuum,
1093 2807 1291 2870 communiter

149 2923 249 2981 antem
274 2915 382 2980 Graeci
404 2915 537 2976 coeleste
558 2931 654 2976 cornu
675 2913 781 2989 Meris,
806 2912 947 2994 quoniam
967 2914 1154 2975 commiscuit
1171 2919 1200 2975 ει
1211 2931 1290 2974 con·
1336 2913 1340 2921 “

148 3023 231 3086 davit
252 3023 352 3085 omnia
374 3021 527 3085 omnibus.¹
570 3018 682 3082 Omnia
697 3020 786 3095 enim,
810 3020 914 3101 inquit,
934 3022 1102 3101 peripsam
1113 3020 1201 3100 factu
1225 3029 1296 3082 runt

148 3137 180 3194 ει
200 3131 266 3192 sine
287 3130 353 3209 ipso
375 3127 492 3206 factatm
513 3127 664 3189 estnihil.
719 3125 809 3202 Outod
831 3125 948 3205 sactum
976 3135 1023 3190 est
1050 3129 1083 3190 in
1110 3129 1196 3208 ipso,
1226 3130 1317 3198 citas

148 3243 205 3300 ast
263 3235 361 3319 Haeo,
391 3235 504 3317 inquit,
534 3239 580 3296 est
610 3235 671 3295 rita
702 3231 864 3296 ineffabilis
896 3235 1054 3314 generatio
1084 3235 1290 3317 perfectorum

148 3344 313 3425 hominum,
348 3359 426 3422 quae
445 3341 599 3424 prioribus
622 3339 872 3423 generationibus
897 3359 956 3404 non
976 3349 1041 3405 erat
1062 3345 1192 3424 cognita.
1236 3345 1291 3406 Νι-

148 3447 197 3514 til
216 3456 328 3531 antem,
352 3448 432 3530 quod
454 3450 521 3511 sine
544 3465 582 3511 eo
606 3446 716 3510 iactum
740 3453 803 3528 εει,
827 3447 955 3511 mundus
978 3450 1121 3532 specialis
1145 3456 1209 3533 est,
1234 3469 1297 3529 ex-,

148 3557 207 3620 rint
229 3558 308 3620 enim
332 3557 398 3619 sire
419 3573 456 3619 co
480 3573 498 3618 a
521 3555 609 3618 tertio
632 3560 662 3616 et
684 3559 802 3634 quarto.
847 3553 913 3616 Hoc
936 3563 995 3636 εει,
1017 3557 1113 3638 inquit
1121 3606 1129 3639 ,
1151 3556 1291 3637 poculum

148 3751 302 3816 σαυιασαῢ,
320 3749 424 3822 ζεησάρ]
444 3746 501 3802 Jea.
527 3748 574 3813 28,
600 3748 648 3802 to:
681 3749 743 3841 Ἓξ
766 3765 806 3834 ast
827 3749 888 3841 Ἓξ
912 3753 951 3836 'ast
972 3747 1027 3838 ag}
1050 3763 1088 3830 ti}
1111 3747 1178 3841 πῄ
1196 3765 1235 3832 aa!
1257 3766 1293 3833 εξ

150 3867 223 3953 :mg
249 3877 324 3954 ηεξ,
348 3865 398 3952 mg
422 3877 497 3952 ηεξ,
611 3859 655 3912 50.
675 3852 1134 3926 τοῦᾶνω,τεῦ]τοῦἆνωτάτωο111
1249 3859 1293 3920 53.

148 3965 316 4041 γηρεόνηνῦ
431 3967 476 4021 54.
502 3965 669 4040 ἐπουράνιον
687 3963 709 4020 C
726 3962 773 4030 M3
798 3963 834 4019 cs.
854 3963 924 4018 inira
945 3982 969 4018 c.
989 3965 1005 4018 9
1025 3982 1052 4036 p.
1074 3964 1125 4020 118
1144 3964 1187 4018 ed.
1203 3962 1293 4019 Oxon.

148 4061 194 4115 55.
212 4055 402 4114 πανιὸηιασεῦ
512 4058 627 4113 55-57.
654 4055 704 4112 Er.
723 4053 767 4110 Jo.
790 4057 813 4121 1,
836 4057 862 4111 3.
882 4057 901 4110 4
926 4056 1018 4110 Πάντα
1037 4057 1069 4110 ds'
1090 4057 1170 4111 αὐτοῦ
1185 4059 1294 4129 ἐγένετο,

148 4151 196 4206 καὶ
208 4153 296 4223 χωρὶς
314 4151 394 4205 αὐτοῦ
411 4151 511 4223 ἐγένετο
530 4149 591 4204 οὐδὲ
610 4150 654 4204 ἓν·
683 4146 698 4203 d
715 4151 833 4221 γέγονεν,
853 4151 882 4203 ἐν
899 4149 970 4222 αὐτῷ
991 4148 1042 4216 ζωή
1056 4151 1131 4202 ἔστιν.
1249 4148 1293 4200 59.

149 4241 239 4312 οὐδέν]
259 4242 337 4296 οὐδέν
355 4246 422 4296 ἐστιν
442 4239 463 4297 C
482 4239 511 4296 M
620 4244 664 4296 60.
692 4240 777 4303 Ιδικός
794 4243 890 4313 ἐστιν’]
909 4241 1007 4302 ιδικὸς·
1027 4239 1049 4295 C
1068 4239 1097 4294 M
1172 4241 1294 4312 γέγονεν]

147 4335 251 4407 γέγονε,
270 4335 299 4388 ἓν
318 4331 355 4388 Cr
380 4335 477 4406 γέγονε
493 4331 545 4406 μὲν
562 4330 593 4387 Μ
700 4333 744 4387 61.
763 4333 791 4386 rd
808 4333 890 4388 adedo
908 4369 945 4381 -
963 4333 1115 4401 οἶωνίζεταε]
1137 4332 1150 4387 1
1170 4329 1241 4386 Mos.
1251 4331 1295 4398 44,

148 4429 177 4481 2.
196 4427 297 4482 5..ch
314 4426 341 4480 τὸ
359 4425 442 4482 xdvdo
462 4446 517 4498 μου
535 4426 563 4480 sd
581 4424 720 4498 ἀργυροῦν
736 4425 859 4500 ἐμβάλω
878 4430 914 4490 εις
932 4427 976 4481 τὸν
992 4423 1151 4498 μάρσιππεν
1168 4423 1213 4478 τοῦ
1230 4443 1296 4480 νεω-
