3052 4984
604 323 733 382 sessui.
1190 317 1252 384 477

105 491 172 550 tole
196 485 289 550 edunt
310 503 437 571 panem,
467 495 529 552 tum
552 508 645 553 unum
670 489 793 571 aliquod
818 487 1000 571 obsonium,
1030 507 1069 552 ex
1097 507 1158 571 quo
1190 488 1261 553 cui-

106 612 173 676 que
200 593 356 658 sufficiens
386 613 466 676 pars.
515 595 584 661 Non
623 604 724 660 autem
757 597 840 678 prius
872 594 980 678 uliquis
1010 614 1116 660 eorum
1149 599 1300 681 gustat,³⁰

107 719 204 783 quem
226 711 371 784 precatus
395 713 443 767 est
464 704 656 768 benedicens
679 704 839 769 sacerdos.
885 704 957 767 Post
979 703 1138 786 prandium
1160 713 1259 770 nutem

106 809 165 874 ubi
187 812 295 875 iterum
319 818 461 894 precatus
486 820 543 898 est,
566 813 746 896 incipientes
769 819 799 876 et
822 811 928 875 rursus
947 808 1126 876 desinentes
1140 810 1261 896 hymnis

108 917 203 982 deum
228 918 398 985 celebrant.
443 920 518 984 Tum
550 930 670 1004 vestes,
701 920 812 1003 quibus
835 922 916 983 inlus
941 921 1142 986 conviventes
1167 921 1262 986 indu-

106 1033 219 1112 untur,
253 1037 415 1111 postquam
443 1028 653 1111 deposuerunt
681 1037 825 1112 tanquam
855 1035 978 1093 sanetus
1008 1065 1050 1078 -
1086 1038 1155 1094 sunl
1185 1049 1260 1094 nero

106 1136 225 1201 linteae
249 1171 288 1184 -
312 1138 397 1212 illes,
430 1157 511 1221 quse
534 1141 564 1202 in
589 1139 743 1203 uestibulo
766 1145 853 1224 sunl,
881 1157 988 1202 rursus
1010 1140 1198 1222 recipientes
1222 1139 1299 1203 οιίί5

107 1255 200 1330 gruta
224 1265 318 1330 opere
343 1246 488 1311 festinent
510 1265 608 1330 usque
642 1247 679 1311 ad
709 1247 934 1329 crepusculum.
986 1247 1127 1312 Coennut
1158 1255 1259 1311 nutem

108 1354 312 1420 consimiliter
335 1355 371 1419 iis
395 1373 475 1437 quae
498 1364 588 1419 unies
613 1355 788 1419 dictasunt
815 1357 917 1419 omnia
947 1354 1110 1420 facientes.
1161 1355 1260 1420 Nemo

110 1470 214 1528 eutem
238 1482 371 1546 unquam
396 1464 574 1547 clamitabit,
605 1481 706 1545 neque
731 1465 789 1528 elia
812 1464 911 1546 aliquo
934 1464 1121 1530 tumultuose
1148 1465 1261 1529 eudic-

109 1581 159 1637 tur
182 1591 261 1652 vox;
292 1573 404 1636 leniter
425 1580 524 1636 autem
549 1574 660 1658 singuli
688 1575 802 1656 quique
825 1574 1008 1659 loquentes,
1030 1573 1162 1638 honeste
1185 1573 1261 1639 alter

111 1680 203 1744 elteri
226 1699 401 1746 sermonem
426 1681 585 1766 concedit,
608 1683 647 1745 ita
671 1688 702 1745 ut
724 1683 777 1766 iis,
801 1683 853 1764 qui
873 1681 950 1745 foris
974 1689 1060 1767 sunl,
1084 1684 1297 1766 mysteriumlo

110 1789 255 1854 videmur
273 1809 391 1875 eorum,
414 1791 466 1873 qui
488 1791 568 1854 intus
591 1797 671 1874 sunl,
694 1789 857 1854 silentium.
902 1792 1032 1872 Semper
1047 1797 1148 1856 eutem
1163 1788 1261 1855 sobrii
1369 1871 1377 1882 ,

110 1907 196 1984 sunl,
220 1900 322 1963 omnin
345 1899 467 1963 modice
492 1907 523 1962 et
545 1899 677 1963 edentes
701 1905 732 1962 et
754 1898 907 1984 bibentes.

200 2005 253 2074 22.
298 2005 412 2072 Omnes
435 2008 528 2091 igitur
563 2007 602 2070 nd
634 2006 809 2088 praesidem
836 2025 871 2070 se
904 2005 1069 2092 applicent,
1098 2014 1130 2071 et
1158 2023 1260 2088 quee-

111 2133 237 2197 cunque
260 2115 397 2198 iusserit,
419 2122 564 2197 tanquam
587 2115 650 2196 legi
672 2113 829 2178 obediunt.
883 2114 1073 2179 studuerunt
1095 2114 1175 2178 enim
1199 2117 1259 2180 mi-

111 2224 213 2286 sereri
243 2230 275 2286 et
306 2224 445 2287 auxiliari
478 2222 611 2287 aillictis.
663 2223 741 2287 Prae
776 2224 917 2287 omnibus
948 2230 1048 2287 sutem
1078 2223 1116 2288 nb
1146 2226 1191 2288 ire
1223 2235 1297 2288 sets

113 2338 256 2396 evertunt
282 2338 313 2395 et
335 2333 491 2397 iracundia
524 2331 728 2414 omnibusque
751 2332 976 2417 consimilibus,
1005 2332 1151 2396 insidiose
1181 2331 1260 2396 haec

112 2437 228 2502 homini
250 2439 433 2504 iudicantes.
478 2437 574 2502 Nemo
606 2446 706 2503 eutem
732 2439 812 2503 iuret
838 2438 918 2521 opud
949 2457 1021 2524 eos,
1053 2457 1259 2522 quaecunque

114 2552 215 2608 autem
240 2547 426 2630 quisdicat,
458 2545 573 2609 lirrnius
594 2544 656 2609 hoc
677 2547 849 2610 iuramento
878 2547 1065 2611 aestimatur.
1121 2547 1153 2612 Si
1182 2564 1258 2610 uero

113 2653 181 2734 quis
203 2653 368 2738 iurauerit,
391 2654 553 2717 damnetur
577 2655 664 2734 quasi
687 2653 740 2734 qni
762 2653 853 2717 fidem
877 2671 940 2718 uon
962 2652 1085 2719 laneat.
1135 2653 1258 2718 locum-

114 2760 190 2823 bunt
213 2767 314 2824 eutem
342 2760 423 2846 legis
445 2759 629 2825 lectionibus
654 2766 684 2823 et
707 2759 940 2846 prophetorum,
971 2770 1133 2844 praetereo
1157 2770 1296 2828 automno

199 2955 228 3020 6.
278 2954 353 3018 Τόν
375 2949 725 3036 mansuetiorem
748 2952 831 3020 ἔστιν
860 2953 919 3030 dm
948 2953 991 3040 μό
1017 2956 1081 3018 τῶν
1106 2951 1259 3040 impetn-

112 3066 176 3127 τοίν
196 3061 428 3148 προσαξόνιων
449 3061 624 3148 ἐνεργοῦσι·
649 3061 709 3127 δύο
732 3061 768 3126 di
782 3065 881 3127 ταῦτα
894 3060 972 3151 παρ’
983 3059 1090 3138 adroic
1108 3059 1259 3141 αὐτεξού-

115 3189 182 3250 σια,
209 3171 379 3259 ἐπικουρία
400 3175 455 3236 καί
477 3171 578 3248 ἕλεος·
608 3174 745 3258 βοηθεῖν
765 3195 797 3236 τε
818 3171 879 3258 γὰρ
901 3181 966 3248 τοίς
990 3170 1106 3250 α’ξίοις,
1136 3168 1259 3237 ὁπόταν

113 3281 260 3360 δέωνται,
295 3285 350 3346 καὶ
380 3279 450 3346 και)
480 3279 596 3357 αύτούς
623 3279 753 3367 α’φίεται
786 3287 840 3345 καὶ
870 3280 993 3370 τροφός
1025 3279 1260 3365 ἀπορουμένοις

113 3389 248 3476 ύρέγειν·
280 3390 337 3466 τὰς
359 3389 395 3454 δὲ
417 3389 463 3466 είς
482 3389 554 3466 τούς
575 3402 732 3470 συγγενεῖς
756 3389 941 3474 μεταδόσεις
969 3387 1028 3455 ούκ
1059 3390 1158 3467 ἔξεσα
1184 3412 1260 3456 ποι-
1292 3431 1296 3447 .

113 3502 222 3565 είσθαι
254 3497 330 3581 δίχα
358 3502 422 3564 τῶν
450 3497 644 3586 έπιτρόπιον.
694 3497 806 3586 Ὀργῆς
835 3503 946 3585 ταμίαι
978 3498 1111 3578 δίκαιοι,
1145 3501 1257 3584 θυμοῦ

114 3609 309 3684 καθεκτικοί,
332 3610 464 3682 πίστεως
485 3607 673 3694 προστάται,
697 3608 821 3695 εἰρήνης
842 3607 1013 3695 ὑπουργοί,
1036 3612 1091 3672 καί
1112 3609 1181 3672 πᾶν
1197 3611 1258 3692 μὲν

113 3716 145 3780 rd
165 3714 268 3802 ῥηθὲν
288 3712 348 3781 ὑπ’
369 3714 475 3781 αύτοίν
496 3716 696 3803 ἰσχυρότερον
717 3716 828 3803 όρκου·
860 3717 894 3782 τό
925 3716 962 3781 δέ
990 3715 1121 3800 ὀμνύειν
1150 3714 1259 3793 αὐτοῖς

115 3826 321 3910 περιίσταται,
343 3823 452 3910 χεῖρόν
472 3847 501 3889 π
522 3828 575 3910 τῆς
596 3824 761 3912 έπιορκίας
782 3823 1077 3910 ὑπολαμβάνοντες·
1109 3824 1170 3912 ἤδη
1195 3825 1256 3912 γὰρ

114 3933 171 4020 ἤδη
192 3936 415 4014 κατεγνῶσθαί
435 3951 517 4020 φασι
538 3935 594 3999 τόν
614 3933 846 4019 ἀπιστούμενον
867 3934 942 4017 δίχα
963 3938 1058 4001 θεοῦ.
1100 3933 1258 4000 Σπουδά-

116 4041 196 4118 ζουσι
218 4040 255 4107 δέ
276 4041 417 4118 έκτύπιυς
437 4045 511 4128 περὶ
531 4042 570 4106 τό
591 4046 655 4108 τῶν
675 4043 828 4110 παλαιῶν
849 4045 1094 4132 συγγράμματα,
1116 4042 1255 4128 puncta

115 4205 257 4276 θύσειαιῦ
417 4209 462 4264 52.
489 4207 634 4281 συγχωρεῖ]
661 4207 844 4282 συνεχύριιῦ
1007 4209 1051 4265 55.
1072 4208 1116 4264 56.
1143 4205 1193 4264 ὅσα
1215 4227 1257 4264 κι-

115 4303 204 4373 ίεύσκι]
224 4300 266 4356 όσ’
287 4302 322 4356 ἂν
339 4301 458 4376 κελεύσῃ,
477 4302 520 4356 rel
540 4298 590 4355 don
607 4302 704 4357 κελεύει
730 4320 805 4375 susp.
825 4301 870 4365 Μ;
894 4301 944 4356 ced
969 4312 1084 4374 proptor
1109 4317 1189 4354 usum
1208 4299 1257 4354 l'u-

117 4395 166 4449 turi
194 4394 320 4450 letiorem
349 4395 422 4466 apud
451 4391 634 4466 Hippolytum
664 4412 725 4450 esse
755 4393 928 4449 retinendum
960 4393 1068 4448 ridetur
1211 4395 1255 4448 60.

115 4487 214 4562 ὀμόσει]
233 4488 339 4562 dipoldus
357 4485 379 4544 C
