3056 4970
652 335 818 396 Sssifllhiil.
1243 331 1306 394 209

158 499 258 565 solem
279 507 312 564 et
333 499 437 562 lunum
459 499 617 585 extitisse,
644 509 697 566 ent
722 501 847 584 quondo
877 501 957 566 dicet
982 510 1046 566 tres
1068 502 1169 585 leges,
1193 509 1306 566 reten-

159 613 234 688 tem,
245 607 483 690 permittentem,
502 624 626 687 poenae
644 609 892 672 constituentem.
922 608 1038 672 Potens
1054 615 1155 671 nutem
1172 617 1220 672 est
1231 609 1302 672 lex:

160 711 209 776 At
218 713 301 774 omni
314 713 398 791 lippo
412 713 446 772 in
457 713 607 791 porodiso
624 715 764 776 vesceris
780 713 975 789 comedondo,
997 713 1037 774 oh
1052 732 1090 775 eo
1105 722 1205 776 comm
1220 715 1303 795 lipoo
1314 739 1345 790 ³0

160 819 245 899 quod
265 825 312 882 cet
333 819 546 898 copeoscendo
569 818 679 880 honum
700 828 731 881 et
748 820 860 882 motam
888 820 982 881 oolttc
1004 821 1103 883 edere.
1149 820 1223 882 Cum
1247 839 1307 884 eu-

162 931 224 987 tem
246 922 336 986 dicit:
372 923 531 1004 Epredcrc
553 923 591 985 de
613 931 699 986 terro
721 933 775 987 tuo
795 932 827 986 et
846 926 884 987 de
905 927 1089 1006 copnotionc
1111 935 1174 1002 tuo,
1198 935 1228 988 et
1247 928 1307 990 huc

160 1017 234 1094 coiri
254 1030 289 1094 in
309 1038 439 1106 λοοοοοο,
462 1047 553 1110 poam
574 1031 752 1094 monstrabo
774 1032 846 1110 tihi,
870 1033 1067 1113 permittens,
1089 1033 1205 1112 inquit,
1226 1030 1305 1095 heco

161 1135 214 1198 lex
237 1142 300 1214 est3
333 1153 403 1198 nam
426 1135 542 1200 volenti
564 1137 638 1202 licet
660 1135 781 1221 egredi,
805 1139 920 1200 nolenti
936 1145 1038 1202 sutem
1054 1153 1190 1202 monere.
1222 1136 1306 1200 Poe·

163 1249 351 1306 nocentem
382 1244 575 1306 constituens
605 1241 658 1306 lex
687 1251 735 1308 ost
762 1262 842 1326 quoe
870 1246 959 1308 rlicit:
995 1247 1065 1310 lllon
1085 1245 1343 1322 moechaberinas

162 1367 226 1412 ecs
252 1350 397 1426 occides,
429 1367 492 1413 non
517 1348 635 1428 [crtum
660 1349 782 1429 socies:
816 1354 980 1416 constituta
1005 1359 1053 1416 est
1075 1354 1154 1414 enim
1178 1351 1307 1432 singulis

162 1456 303 1536 peccetis
332 1473 387 1520 sus
416 1473 528 1536 poeno.
587 1455 640 1520 Est
670 1464 776 1520 eutem·
800 1458 845 1520 eis
875 1459 974 1520 omnis
1009 1459 1088 1520 ratio
1129 1456 1308 1537 disciplinae

162 1577 240 1626 strue
264 1559 303 1625 ολ)
326 1563 458 1643 untiqu'm
478 1561 651 1648 theologis,
683 1563 812 1628 hlusseo
835 1563 964 1627 ethico
989 1572 1020 1627 ct
1042 1561 1079 1624 uh
1103 1580 1159 1643 eo,
1183 1563 1234 1642 qui
1256 1563 1307 1624 lu-

163 1669 331 1734 suattonee
353 1669 542 1750 potissimum
566 1676 597 1733 ct
619 1671 763 1753 mysterio
785 1668 915 1751 cedidit,
939 1666 1072 1750 Orpheo.
1117 1668 1235 1732 Etenim
1247 1685 1308 1730 eo-

162 1791 232 1838 rom
256 1775 296 1838 de
318 1784 409 1842 utero
441 1784 474 1841 et
503 1775 618 1858 Orphei
650 1778 790 1842 doctrine
819 1781 886 1860 cst,
916 1782 948 1838 et
973 1774 1145 1859 umbilicus,
1176 1779 1228 1856 qui
1260 1782 1345 1844 estro

163 1889 349 1964 concentus,
379 1883 542 1964 perspicuo
564 1885 606 1948 ite
627 1883 758 1948 hahetur
778 1885 809 1946 in
830 1881 989 1946 Bocchicis
1012 1881 1137 1962 Orphei.
1190 1880 1306 1946 initiate

160 1994 266 2051 eutem
294 1986 372 2052 hoec
399 1995 470 2052 sunt
491 1997 524 2054 ot
544 1989 654 2053 trerlite
677 1988 851 2054 hominihus
874 1997 947 2054 ente
970 1989 1055 2052 Celei
1076 1996 1108 2052 et
1130 1987 1307 2068 Triptolemi

164 2099 197 2158 et
222 2093 346 2158 Cereris
377 2103 409 2160 ct
435 2095 639 2178 Proserpinae
670 2104 703 2160 ot
731 2093 844 2160 Bocchi
875 2095 1021 2160 Eleusine
1050 2093 1136 2157 initio
1168 2093 1306 2156 Phliunte

164 2201 295 2268 Atticae.
355 2203 437 2267 Ante
469 2202 615 2284 mysterio
639 2203 718 2266 enim
746 2201 902 2266 Eleusinia
930 2208 1036 2266 extent
1062 2199 1202 2264 Phliunte
1237 2200 1306 2262 hlo-

163 2309 295 2389 gnosio
326 2309 426 2372 dictos
455 2309 554 2392 orgis.
610 2309 665 2372 Est
695 2318 795 2372 eutem
823 2310 960 2390 porticus
987 2309 1019 2371 in
1049 2325 1105 2390 en,
1134 2309 1164 2370 io
1185 2309 1304 2389 porticu
1315 2327 1344 2378 ts

164 2419 267 2476 eutem
295 2415 440 2497 inscripto
470 2423 519 2480 est
546 2415 585 2480 sd
611 2416 693 2482 hunc
723 2414 809 2478 diem·
835 2413 944 2478 horum
967 2415 1100 2477 omnium
1124 2431 1204 2494 quse
1227 2415 1304 2476 dioto

163 2524 238 2582 sunt
266 2518 380 2601 imago.
424 2520 486 2584 lum
509 2521 601 2586 multo
624 2522 747 2604 quidem
776 2525 848 2585 sunt
874 2518 1018 2599 inscripto
1052 2520 1084 2582 in
1113 2519 1232 2600 porticu
1265 2519 1305 2580 il-

164 2623 214 2708 ls,
246 2623 285 2686 dc
315 2625 425 2705 quihus
448 2635 479 2691 et
508 2626 685 2692 Plutarchus
708 2626 838 2690 instituit
858 2642 1020 2688 semones
1042 2627 1073 2688 in
1097 2627 1204 2688 decem
1228 2643 1306 2706 quos

163 2729 315 2794 advorsus
346 2730 563 2813 Empedoclem
590 2734 713 2814 scripsit
733 2732 827 2796 lihris.
880 2731 934 2794 Est
962 2736 1061 2794 eutem
1084 2733 1115 2815 in
1139 2730 1308 2810 compluri-

163 2836 222 2910 hns
245 2839 336 2900 etium
358 2855 459 2902 sonex
479 2839 601 2921 quidem
624 2839 798 2923 inscriptus,
820 2853 924 2918 onnus,
947 2836 1055 2919 elutus,
1077 2836 1224 2898 intentum
1248 2834 1345 2900 ho-to

163 2965 260 3044 μονλο]
279 2969 391 3041 ἀνδρεία
409 2966 432 3025 G
448 2968 493 3027 tl:
528 2971 644 3042 ἕδρανον
663 2969 726 3025 οο11.
746 2968 847 3040 hymno
867 2965 991 3038 Orphico
1011 2963 1100 3031 XXV,
1123 2967 1141 3020 t
1166 2963 1306 3020 Brinlriur.

164 3059 208 3118 Gi.
227 3061 299 3118 ittirt
316 3063 335 3118 l.
353 3063 398 3116 λθ.
512 3062 541 3118 8.
567 3063 692 3118 Φλιοῦντι
714 3062 756 3129 οἷς
777 3057 893 3135 Ἀττικῆς]
919 3059 1061 3113 stantun
1078 3077 1098 3111 τ.
1115 3057 1147 3113 ’.4.
1167 3055 1202 3112 C:
1222 3057 1309 3122 Φλυῆ-

163 3167 208 3206 οον
224 3150 269 3206 rel
288 3151 363 3224 stop
379 3149 425 3206 rel
448 3151 526 3224 Φλοςῖ
543 3171 564 3205 r.
582 3159 615 3206 A.
643 3151 709 3205 olim
735 3147 980 3207 Schneidewinus:
1012 3150 1113 3220 φλοελγ
1132 3165 1152 3200 r.
1170 3155 1203 3202 A.
1221 3145 1309 3202 Brin-

166 3241 228 3296 hiut
248 3241 311 3297 coll.
330 3239 552 3314 Harpocrationc
571 3259 594 3298 ο.
613 3260 654 3296 r.:
687 3242 812 3296 ‘thohou
828 3242 870 3308 τῆς
884 3241 991 3312 Ἀχαΐας
1007 3237 1041 3293 Α.
1060 3237 1217 3295 Meinclrius
1243 3241 1310 3292 Vin-

165 3337 213 3390 dio.
233 3333 320 3389 Strah.
338 3353 365 3406 p.
384 3335 447 3388 242.
485 3331 602 3389 Videtur
620 3334 680 3406 ipse
698 3331 866 3405 Hippolytus
885 3331 998 3403 Phlynm
1016 3331 1125 3386 Atticae
1143 3350 1205 3386 cum
1225 3331 1309 3385 nohi-

163 3425 233 3480 liore
248 3425 315 3480 urhe
332 3424 636 3480 Acheineooniudisse.
710 3427 735 3479 9.
755 3419 938 3479 Φλοιοῦνοῦ
1012 3424 1037 3476 il.
1055 3423 1096 3477 to.
1112 3425 1154 3489 τῆς
1168 3425 1310 3496 λεγομένης

163 3518 289 3590 Μογάλης
307 3515 397 3593 ὄργια]
422 3520 550 3592 λεγομένη
568 3514 801 3592 μεγαληγορλαῦι
818 3517 947 3588 λεγομένη
965 3514 1068 3587 μεγάλη
1085 3514 1160 3587 ἑορτή
1174 3529 1249 3586 susp.
1266 3513 1307 3569 M:

163 3612 231 3670 ἔσαν
248 3609 278 3664 τὰ
296 3609 397 3678 &loiron
413 3610 545 3683 λεγόμενα
562 3610 668 3682 μεγάλοι
690 3610 772 3682 ὄργια
790 3609 855 3662 olim
876 3605 1118 3661 Schneidewinus:
1141 3608 1247 3680 μεγάλα
1265 3609 1310 3678 ὄρ-

162 3722 212 3775 για
231 3700 390 3757 Bussenius
415 3700 575 3774 (Hippolyten
598 3704 652 3756 ond
672 3704 712 3756 ht's
734 3721 788 3771 ογο.
812 3701 832 3752 2
855 3698 898 3754 ed.
924 3701 1029 3752 london
1051 3699 1128 3754 1854.
1159 3697 1179 3752 1.
1198 3717 1226 3771 p.
1246 3700 1310 3770 347)

163 3793 296 3866 λεγόμενα
313 3793 419 3866 μεγάλα
437 3794 480 3848 rel
496 3792 623 3865 Msycitpc
641 3793 722 3865 ὄργια
740 3789 774 3846 R.
794 3788 921 3847 Scottus:
946 3784 1025 3856 ἦντὰ
1044 3791 1087 3856 τῆς
1105 3793 1134 3844 ἰν
1152 3795 1253 3864 ‘Elusio
1271 3795 1311 3846 le-

163 3886 279 3958 γομένης
295 3885 412 3958 μιγάλης
432 3881 517 3960 [θοᾶς]
538 3885 619 3957 ὄργια
636 3882 782 3938 Brinhius:
811 3883 841 3938 τὰ
865 3882 997 3954 λεγόμενα
1021 3882 1146 3955 Μιγᾰλης
1170 3884 1251 3957 ὄργια
1277 3883 1311 3939 Α.

164 3975 323 4032 Meinehine
352 3977 372 4032 1.
396 3977 416 4030 l.
460 3975 502 4032 cl.
529 3975 646 4032 Ptutnn.
672 3975 694 4030 1.
720 3977 765 4030 st.
793 3977 812 4028 t
921 3974 963 4028 11.
990 3976 1165 4047 λγκέγροποοο
1188 3973 1211 4030 (2
1296 3975 1312 4041 ip

164 4067 282 4146 πάντων]
302 4067 317 4136 ἡ
335 4067 366 4123 τὰ
383 4070 434 4123 scir
451 4064 597 4122 πάντωνῦ
715 4068 756 4122 13.
785 4063 851 4141 ταῖς]
871 4062 965 4126 mici}
1048 4063 1102 4120 Pro
1126 4065 1194 4137 πρὸς
1217 4066 1311 4120 dicere

166 4161 285 4218 debehat
308 4165 359 4226 εἰς,
386 4161 461 4234 quod
487 4159 650 4230 intelligitur
669 4177 703 4212 ex
719 4157 862 4230 Lampriee
889 4157 1013 4226 catalogo
1033 4155 1150 4228 (Prhric.
1169 4155 1242 4210 Bibl.
1263 4155 1311 4210 Gr.

167 4261 188 4308 t.
207 4253 233 4318 h,
252 4270 280 4324 p.
302 4252 363 4326 1611)
385 4252 434 4325 qui
457 4251 541 4307 hehet
564 4253 601 4313 ris
622 4249 800 4324 Ἐμπεδοκλέα
816 4248 939 4321 περὶτῆς
963 4247 987 4302 ε’
1013 4248 1105 4307 οὐσίας
1120 4249 1211 4316 βιβλία
1230 4244 1263 4298 ι’.
1282 4242 1312 4299 Μ

170 4345 214 4400 14.
239 4343 298 4400 οἽν
315 4341 379 4419 τοῖς]
399 4345 426 4398 c'i
444 4340 537 4406 τοῖςῦ
644 4339 757 4418 cholcos]
783 4341 897 4397 πολλοῖσι
915 4357 990 4411 susp.
1009 4336 1039 4394 Μ
1148 4337 1190 4392 111.
1214 4354 1314 4408 πτερω-

164 4431 218 4515 τὸς]
236 4433 405 4509 utspmsth

986 4523 1025 4588 14
