3050 4988
231 305 295 372 378
338 306 548 394 (πτίττοι.)
679 315 774 374 ποτε
796 317 851 390 νυ,
873 322 923 376 π.

191 491 220 544 1⁰
229 477 307 557 έστί,
341 482 476 544 τουτέστι
504 482 539 546 τδ
568 481 726 568 μεθόριον
731 529 744 560 ,
781 485 835 545 καὶ
863 479 1011 569 ἢοίύτης
1038 486 1093 546 καί
1113 483 1194 556 θεδς
1215 479 1233 545 δ
1255 480 1377 547 τούτοιν

229 589 328 663 αἴτιος
348 588 478 653 πάντων
499 587 517 652 δ
541 587 600 653 οδκ
622 591 677 666 ἀν,
700 589 799 676 έχάριγ
819 589 874 652 έπὶ
894 601 959 665 τοῖς
980 589 1123 671 λεχθεῖσι
1144 593 1198 653 καὶ
1220 587 1378 674 ἠγαλλιά-

229 712 318 759 σατο·
340 699 474 760 τουτέστι
495 695 566 760 κατ’
587 695 702 772 αύτούς
722 697 757 761 τδ
778 695 973 778 εὐαγγέλιον.
1012 697 1050 761 ‘0
1071 696 1107 763 δὲ
1115 696 1234 784 Ἰησοῦς
1249 699 1378 781 γεγένη-

228 825 280 866 ται
300 803 373 866 κατ’
401 802 516 879 αύτούς
544 803 588 879 ὠς
609 804 850 891 προειρήκαμεν.
909 807 1117 891 Γεγενημένρς
1147 804 1183 868 δέ
1212 807 1266 890 τῆς
1285 806 1376 883 γενέ-

228 926 307 985 σεως
327 913 380 996 τῆς
401 909 699 997 προδεδηλωμένης,
729 914 838 991 γέγονε
867 911 975 976 πάντα
1002 911 1121 995 δμοίως
1154 909 1227 976 κατ’
1260 911 1376 986 αύτούς

191 1017 267 1081 ίῦτδ
288 1021 360 1101 περί
391 1021 446 1082 τού
475 1022 611 1104 σωτῆρος
644 1017 687 1093 ύς
712 1018 748 1082 έν
777 1028 842 1094 τοῖς
868 1017 1062 1098 εὐαγγελίοις
1087 1021 1271 1106 γέγραπται.
1314 1021 1375 1082 Γέ-

227 1144 300 1205 γονε
322 1124 359 1189 δὲ
379 1129 498 1203 ταῦτα,
522 1129 633 1212 φησίν,
667 1131 722 1190 ίνα
744 1124 875 1211 ἀπαρχὴ
898 1129 951 1212 τῆς
970 1125 1228 1212 φυλοκρινήσεως
1248 1127 1375 1211 γένηται

228 1237 291 1297 τῶν
312 1235 549 1316 συγκεχυμένων
571 1231 588 1296 ύ
609 1231 736 1318 Ἰησοῦς.
784 1231 870 1297 Ἐπεί
890 1233 953 1320 γάρ
976 1233 1059 1297 ἐστιν
1079 1232 1097 1297 δ
1121 1234 1238 1317 κόσμος
1266 1232 1376 1322 διφρη-

227 1341 323 1422 μένος
342 1339 388 1414 είς
409 1337 570 1419 δγδοάδα,
604 1338 672 1424 ἤτις
697 1339 781 1404 ἐστὶν
807 1339 826 1426 ἦ
848 1339 972 1426 κεφαλι)
1000 1343 1055 1404 τοῦ
1090 1341 1210 1416 παντὸς
1243 1339 1373 1422 κόσμου,

229 1446 369 1532 (κεφαλή
391 1444 426 1510 δὲ
448 1451 504 1510 τοῦ
525 1447 644 1521 παντδς
666 1446 785 1530 κόσμου
808 1446 825 1511 δ
848 1449 948 1531 μέγας
970 1448 1104 1533 ἀρχων,)
1138 1451 1192 1510 καὶ
1213 1447 1258 1522 είς
1278 1445 1375 1528 ἑβδο-

188 1553 334 1635 κομάδα,
366 1553 430 1639 ἥτις
458 1553 541 1618 ἐστὶν
562 1553 581 1640 ἡ
603 1553 727 1640 κεφαλὴ
750 1557 803 1639 τῆς
823 1553 1019 1639 ἑβδομάδος,
1050 1553 1068 1619 δ
1096 1554 1286 1641 διγμιοοργδς
1312 1555 1377 1618 τῶν

228 1659 465 1744 ὑποκειμένων,
488 1664 542 1725 καὶ
563 1660 609 1736 είς
629 1663 720 1725 τούτο
741 1661 776 1725 ιδ
801 1659 960 1747 διάστημα
982 1661 1016 1725 τδ
1038 1660 1124 1725 καθ’
1153 1661 1255 1748 ἡμᾶς,
1291 1660 1374 1725 ὅπου

228 1767 311 1832 ἐστιν
332 1767 351 1852 ἡ
375 1767 540 1853 ἀμορφία,
572 1765 752 1846 ἀναγκαῖον
773 1765 813 1854 ἦν
834 1768 872 1832 τά
895 1771 1109 1852 συγκεχυμένα
1131 1770 1375 1854 φυλοκρινιγθῆ-

228 1897 283 1940 ναι
304 1874 359 1939 διδ
381 1879 434 1962 τῆς
454 1879 510 1940 τοῦ
529 1874 629 1961 Ἰησοῦ
653 1874 845 1962 διαιρέσεως.
884 1876 1030 1940 Ἔπαθεν
1045 1872 1207 1940 οὖντοῦτο
1224 1874 1303 1961 ὅπερ
1320 1872 1369 1962 ἧνΙ

228 1981 327 2047 αύτοῠ
349 1983 528 2066 σωματικὸν
547 1986 662 2068 μέρος,
693 1983 712 2046 δ
741 1979 780 2068 ἦν
802 1985 854 2068 τῆς
883 1981 1065 2069 ἀμορφίας,
1098 1987 1153 2046 καὶ
1181 1981 1373 2067 ἀπεκατέστη

189 2106 219 2156 το
228 2092 273 2167 είς
293 2091 348 2176 τὴν
368 2089 552 2176 ἀμορφίαν·
575 2089 689 2176 ἀνίστη
704 2089 841 2155 δὲταῦτα
857 2089 934 2175 ὅπερ
946 2087 986 2175 ἦν
1001 2090 1142 2176 ψυχικδν
1157 2088 1256 2154 αύτού
1268 2098 1372 2176 μέρος,

227 2200 306 2286 ὅπερ
337 2196 376 2284 ἦν
404 2203 457 2284 τῆς
485 2196 682 2282 ἑβδομάδος,
718 2201 773 2261 καί
804 2195 996 2282 ἀπεκατέστη
1029 2197 1075 2271 εἰς
1105 2199 1160 2282 τὴν
1192 2195 1373 2279 ἑβδομάδα·

227 2305 372 2391 ἀνέστησε
395 2305 430 2370 δὲ
451 2307 541 2370 τούτο
563 2303 641 2392 ὅπερ
665 2303 705 2391 ἦν
725 2309 778 2390 τῆς
800 2303 976 2392 ἀκρωρείας
1005 2305 1122 2369 σίκεῖον
1147 2307 1203 2368 τού
1231 2302 1373 2387 μεγάλου

225 2415 377 2500 ἄρχοντος
399 2417 453 2477 καί
476 2411 576 2495 ἔμεινε
598 2417 688 2498 παρά
711 2412 765 2476 τὸν
785 2413 923 2498 ἄρχοντα
944 2413 999 2476 τδν
1019 2414 1141 2494 μέγαν·
1163 2410 1316 2495 ἀνήνεγκε
1336 2409 1374 2474 δὲ

224 2523 333 2606 μέχρις
354 2520 423 2584 ἀνω
445 2524 535 2585 τούτο
557 2519 636 2603 ὅπερ
658 2517 698 2605 ἦν
719 2525 773 2584 τοῦ
795 2523 952 2604 μεθορίαν
974 2519 1154 2602 πνεύματος
1175 2523 1229 2582 καὶ
1250 2519 1372 2602 ἔμεινεν

189 2630 264 2693 οοέν
284 2633 327 2716 τῷ
348 2631 493 2715 μεθορίῳ
516 2629 688 2711 πνεύματι·
713 2625 937 2712 ἀπεκαθάρθχ
959 2626 995 2690 δὲ
1017 2626 1035 2712 ἦ
1059 2625 1163 2712 υἶύτιγς
1183 2625 1202 2712 ἦ
1224 2629 1307 2712 τρίτη
1329 2623 1371 2689 δι’

226 2736 342 2813 αδτοῦ,
359 2735 696 2821 ἧίγκαταλελειμμένη
718 2737 799 2821 πρὸς
816 2738 850 2800 τδ
865 2733 1035 2820 εύεργετεῖν
1056 2741 1110 2799 καί
1130 2732 1371 2818 εύεργετεῖσθαι,

225 2848 280 2908 καί
301 2841 428 2929 ἀνῆλθε
449 2843 530 2926 πρδς
562 2849 617 2927 τὴν
644 2845 809 2928 μακαρίαν
842 2839 972 2928 υλύιητα
1005 2840 1061 2906 διδ
1086 2821 1226 2906 ’πάντων
1255 2841 1373 2906 τούτων

226 2950 414 3016 διελθοῦσα.
457 2949 534 3035 Ὀλιγ
555 2949 616 3034 γάρ
640 2947 747 3013 αὐτῶν
766 2947 785 3035 ἦ
809 2948 966 3024 ύπύθεσις
988 2949 1132 3030 σύγχυσις
1163 2948 1261 3014 οἱονεί
1287 2970 1374 3014 παν-

226 3060 381 3143 σπερμίας
401 3061 455 3119 καὶ
478 3055 702 3142 φυλοκρίνησις
718 3061 771 3120 καὶ
785 3054 1041 3131 ἀποκατάστασις
1057 3060 1120 3120 τῶν
1134 3059 1373 3140 συγκεχυμένων

188 3167 271 3241 ῖῡείς
291 3165 329 3228 τά
351 3165 463 3227 οίκεῖα.
512 3167 577 3249 Τῆς
598 3161 657 3228 οδν
679 3163 933 3250 φυλοκρινήσεως
963 3162 1094 3251 ἀπαρχὴ
1124 3167 1253 3244 γέγονεν
1275 3163 1372 3249 6²12]-

227 3275 315 3348 σούς,
339 3277 393 3334 καί
414 3271 448 3334 τδ
471 3269 584 3344 πάθος
611 3269 669 3335 οδκ
698 3269 798 3334 ἄλλον
825 3270 908 3344 τινδς
937 3271 1032 3355 χάριν
1061 3274 1189 3350 γέγονεν
1222 3269 1286 3335 ύπδ
1316 3274 1372 3335 τοῦ

225 3377 504 3465 φυλοκρινηθῆναι
526 3378 563 3440 τά
587 3380 802 3461 συγκεχυμένα
865 3378 975 3464 Τούτῳ
997 3379 1059 3464 γάρ
1081 3380 1124 3464 τῷ
1145 3378 1253 3466 τρόπῳ
1275 3385 1371 3464 φησὶν

226 3485 304 3572 δλιγν
325 3486 381 3571 τήν
402 3483 529 3570 υἱότιγτα
549 3486 604 3570 τὴν
625 3483 913 3570 καταλελειμμένην
940 3486 985 3559 είς
1013 3485 1069 3571 τὴν
1097 3484 1265 3571 ἀμορφίαν
1292 3485 1372 3570 πρὸς

225 3595 259 3658 τδ
278 3593 447 3681 εδεργετεῖν
469 3597 523 3656 καί
543 3591 776 3677 εύεργετεῖσθαι
806 3591 874 3656 δεῖν
892 3592 1188 3679 φυλοκρινηθῆναι,
1213 3589 1240 3679 ᾦ
1261 3591 1368 3678 τρόπῳ

188 3709 280 3771 οοκαῖ
302 3703 319 3767 ὁ
342 3703 460 3788 Ἰησοῦς
482 3700 759 3787 πεφολοκρίνιγται.
809 3704 918 3764 Ταῦτα
938 3704 998 3784 μὲν
1016 3697 1075 3765 οὖν
1093 3701 1176 3766 έστιν
1191 3702 1214 3763 ἃ
1227 3705 1283 3764 καὶ
1298 3705 1371 3763 Βα-

225 3809 362 3894 σιλείδης
382 3807 518 3892 μυθεύει
541 3807 701 3890 σχολάσας
718 3807 799 3871 κατά
821 3809 876 3892 τὴν
897 3809 1075 3886 Αἴγυπτον,
1098 3811 1154 3870 καί
1174 3805 1249 3894 παρ’
1264 3805 1371 3871 αὐτῶν

225 3921 280 4004 τὴν
301 3915 454 4002 τοσαύτην
467 3919 586 4001 σοφίαν
598 3914 767 3998 διδαχθεὶς
782 3909 1025 4001 έκαρποφύρησε
1045 3914 1203 3989 τοιούτους
1215 3914 1371 4002 καρπούς.

263 4100 364 4154 11.12.
384 4095 559 4169 ἢχαλλιάσαια
579 4093 600 4150 C
694 4096 736 4150 16.
757 4095 874 4168 ἀπαρχὴ]
890 4095 933 4150 ἀπ’
949 4095 1032 4167 ἀρχῆς
1050 4093 1115 4150 CM
1134 4092 1175 4149 cf.
1194 4094 1370 4152 ἰοίτείίο.35.

225 4194 387 4264 φυλοκρίνης
404 4190 455 4250 ἕως
473 4185 494 4243 C
612 4188 655 4244 19.
674 4188 773 4259 κεφαλὴ
791 4189 821 4242 δὲ
838 4189 884 4242 τοῦ
901 4187 999 4248 παντὸς
1016 4187 1119 4260 κόσμου
1139 4205 1183 4241 om
1196 4185 1369 4242 Eumenius:

223 4284 267 4340 Λα
286 4284 386 4356 κεφαλὴ
405 4283 434 4337 δὲ
451 4283 494 4348 τῆς
513 4280 663 4353 δχδοάδοςῖ
789 4282 833 4334 20.
863 4278 916 4346 ἥτις
942 4280 1042 4347 ίπίνῆ
1067 4279 1168 4351 κεφαλὴ
1186 4281 1227 4346 τῆς
1245 4281 1370 4354 ἑβδομά-

222 4378 286 4442 δος,
305 4377 319 4430 δ
338 4371 513 4450 δημιουργὸς]
532 4371 585 4441 ἥτις
603 4373 670 4427 ἐστίν
689 4371 703 4426 δ
722 4372 887 4445 δημιουργὸς
904 4372 1076 4428 Βοπεευίυιε
1101 4371 1146 4427 An
1164 4373 1265 4444 κεφαλὴ
1282 4374 1311 4428 δέ
1329 4374 1371 4440 τῆς

223 4471 376 4542 ίμδιμάδος
394 4469 409 4522 δ
428 4467 611 4542 δημιοορχδςλ
718 4467 763 4520 22.
778 4467 823 4521 23.
844 4465 1041 4538 φυλοκριθῆναι
1059 4461 1253 4520 Cflunseniuu
1324 4464 1370 4520 33.
