3002 4958
610 325 810 388 lstuolosl.
1241 325 1283 390 57

137 497 285 580 ignorant
313 495 513 577 quantitatem
550 498 698 578 temporis
729 497 770 560 sd
807 497 1005 560 nrntstionein
1040 496 1208 558 necessarii
1243 513 1282 558 ne

135 603 353 686 conceptionis
367 601 491 683 quidem
513 609 634 684 tempus
648 606 804 688 cognitum
819 603 984 667 hohehnst
1028 603 1193 667 Praeterea
1205 613 1321 666 vsroes

136 713 228 774 etiam
252 718 286 774 nt
308 707 346 774 ad
370 710 505 791 reliquas
528 717 632 792 partos
655 713 796 794 corporis
820 711 964 775 dillaroot
986 730 1005 775 a
1027 729 1063 774 se
1086 711 1232 776 mulieres
1252 719 1283 774 ct

136 817 176 883 ad
199 817 342 902 uigorem
365 824 397 881 ct
417 817 548 903 reliqua,
571 820 611 882 ita
636 826 762 901 pareat
785 837 840 884 cos
864 820 955 883 otiam
980 817 1018 882 ad
1042 819 1180 903 vigorem
1203 821 1281 883 uteri

137 925 279 1007 dilierre,
302 925 342 988 ita
366 932 398 988 ιιι
421 925 501 990 aliae
519 927 607 990 citius
632 927 822 1012 concipiant,
846 927 925 990 aliae
947 925 1075 991 tardius.
1130 926 1197 990 Nec
1223 925 1283 990 ah·

136 1031 280 1118 snrdum,
304 1051 373 1097 com
397 1041 428 1097 et
450 1034 538 1116 ipsae
561 1051 668 1098 secum
690 1035 765 1118 ipsis
788 1041 987 1118 comparatae
1016 1033 1181 1115 aliquando
1205 1052 1281 1117 pro·

136 1161 195 1206 nae
218 1141 258 1206 ad
280 1140 517 1223 concipiendum
539 1144 749 1225 reperiantur,
773 1141 938 1225 aliquando
961 1149 1062 1206 outcrn
1077 1157 1321 1224 nequaquamso

135 1251 222 1326 Ouso
248 1267 318 1313 cum
339 1249 381 1314 ita
405 1267 441 1312 sa
463 1249 611 1335 habeant,
636 1259 780 1316 accurate
803 1251 862 1316 dici
885 1252 1007 1335 nequit,
1031 1249 1155 1334 quando
1177 1251 1281 1314 conti-

138 1367 247 1424 neatur
288 1357 433 1422 iniectum
479 1377 603 1443 seman,
656 1365 689 1422 ιιι
727 1358 765 1422 ah
805 1358 865 1424 hoc
900 1368 1043 1441 tempore
1072 1356 1280 1442 horoscopum

137 1465 285 1532 Chaldaei
308 1467 505 1530 constituant.

222 1572 252 1638 l.
299 1573 426 1656 Propter
448 1573 529 1638 hanc
552 1574 704 1638 rationem
739 1573 806 1638 lieri
829 1591 891 1638 non
915 1581 1034 1658 potest,
1067 1582 1101 1638 ut
1132 1593 1171 1638 ox
1200 1593 1282 1640 oon-

138 1681 282 1764 oeptionc
306 1681 510 1746 constituatur
536 1681 742 1762 horoscopus.
796 1681 856 1746 Sed
891 1700 931 1746 nc
963 1699 1002 1745 ox
1035 1683 1181 1746 enixione
1210 1683 1322 1764 qni-m

140 1789 223 1854 dem.
274 1790 404 1854 Primum
435 1789 516 1854 eninr
548 1788 676 1854 arduum
710 1797 759 1854 est
791 1787 946 1854 alhnnare
982 1789 1107 1871 quando
1139 1792 1207 1854 iure
1231 1791 1282 1854 di-

139 1905 228 1960 cstur
249 1899 352 1962 enisio
375 1897 497 1962 adosse.
542 1897 635 1960 Anno
658 1897 782 1980 quando
805 1897 908 1979 coepit
931 1897 1070 1980 provolvi
1093 1899 1124 1962 in
1138 1897 1281 1982 frigidum

136 2014 241 2069 aerem
265 2003 296 2068 id
309 2004 391 2088 quod
415 2005 542 2088 paritur,
566 2023 605 2068 an
619 2005 744 2087 quando
757 2004 921 2088 paullulum
941 2006 1082 2088 emineat,
1106 2005 1282 2088 anquando

137 2113 168 2176 in
191 2119 304 2176 terram
328 2111 485 2194 delapsum
509 2113 573 2176 sit‘l
617 2113 726 2195 Neque
757 2114 787 2176 in
811 2113 940 2197 singulis
963 2113 1010 2177 his
1033 2112 1156 2178 casibus
1178 2123 1282 2196 potest

134 2221 199 2284 lieri
222 2227 257 2284 ιιι
278 2221 377 2303 ipsum
399 2223 586 2284 momentum
609 2220 763 2284 enixionis
786 2220 1065 2303 comprehendatur
1088 2229 1140 2286 sut
1161 2229 1303 2304 tempust

135 2328 309 2392 deliniatur.
360 2327 481 2392 Etenim
510 2345 568 2410 per
600 2328 806 2410 praesentiam
843 2329 933 2392 animi
962 2335 992 2392 et
1023 2332 1281 2412 opportunitatem

135 2439 277 2520 corporis
302 2443 334 2500 at
361 2437 545 2502 electionem
568 2435 708 2500 locorum
732 2443 763 2500 et
784 2437 943 2502 scientiam
958 2435 1282 2519 ohstetricisalissque

133 2563 247 2610 musas
269 2543 510 2610 innumerabiles
543 2561 605 2607 non
634 2543 715 2607 idern
750 2549 797 2606 est
826 2549 958 2624 tempus,
997 2561 1058 2625 quo
1092 2545 1283 2624 provolvitur

134 2659 242 2737 partus
264 2652 362 2734 ruptis
384 2650 586 2736 membranis,
621 2657 673 2714 ont
696 2649 862 2732 paullulum
885 2651 1055 2734 prominet,
1086 2659 1138 2714 aut
1160 2652 1191 2716 in
1215 2660 1306 2722 ter-s

134 2780 200 2826 ram
223 2759 378 2844 defertur,
409 2758 520 2823 sedin
544 2759 611 2824 aliis
639 2759 737 2822 aliter.
795 2757 885 2832 Quod
919 2775 1028 2822 rursus
1060 2765 1181 2842 tompus
1213 2778 1282 2823 cunr

136 2887 199 2932 non
221 2869 341 2951 possint
364 2867 488 2932 delinito
510 2873 543 2930 ot
565 2871 710 2930 accurate
732 2871 868 2930 statuere
891 2864 1047 2950 Chaldaei,
1071 2865 1218 2930 excident
1231 2865 1283 2930 ls-

135 2976 250 3040 coltste
272 2975 427 3039 enixionis
463 2981 599 3058 lampas,
631 2979 664 3038 nt
698 2973 881 3057 oportebat,
911 2971 1087 3038 deliniendi.
1143 2973 1283 3040 Prolitsri

135 3083 260 3166 quidem
273 3083 367 3167 igitur
387 3083 418 3146 in
442 3083 516 3166 ipsis
531 3081 684 3145 enixionis
709 3081 872 3145 momentis
886 3079 1062 3144 Chaldaeos
1076 3080 1283 3164 horoscopum

135 3209 208 3257 sese
230 3208 440 3275 cognoscere,
468 3207 532 3252 non
555 3206 650 3254 nesae
676 3195 777 3254 autom
803 3207 843 3252 ax
867 3186 913 3252 his
950 3195 1088 3270 apertum
1117 3199 1179 3274 oet,
1214 3206 1322 3258 esseio

134 3307 236 3364 sutem
268 3315 328 3361 nec
359 3297 578 3380 horoscopium
608 3295 731 3378 quidem
762 3296 800 3359 iis
832 3303 966 3378 certum,
1002 3296 1033 3358 in
1067 3303 1207 3380 promptu
1237 3306 1285 3362 est

135 3411 287 3472 sationem
310 3406 494 3472 subducere.
550 3403 681 3479 Quando
713 3405 794 3468 enim
824 3402 931 3466 dicunt
953 3421 1040 3487 curn,
1072 3406 1123 3486 qui
1151 3405 1284 3470 assideat

135 3515 331 3599 parturienti,
364 3531 433 3578 cum
462 3515 529 3596 ipsa
551 3513 698 3578 enixione
729 3511 815 3574 diaco
848 3509 1023 3594 significare
1053 3511 1212 3578 Chaldaeo
1244 3531 1284 3577 ex

136 3625 222 3689 edito
245 3623 317 3686 loeo
347 3621 451 3688 stellas
477 3619 712 3703 contemplanti,
749 3619 893 3701 huncque
919 3622 951 3682 in
972 3621 1090 3684 coelum
1114 3621 1282 3686 intuentem

135 3803 186 3855 yos
205 3779 321 3836 Sextus:
342 3775 445 3834 62ch
499 3776 641 3850 κατενεχθῇ
661 3773 775 3830 Sextus:
794 3776 889 3850 ἐνιχθῇ
909 3771 974 3832 CH
1047 3777 1107 3830 οὐδ’
1127 3779 1156 3832 ir
1174 3779 1282 3851 ἑκάστῳ]

135 3875 215 3929 cridla
234 3872 334 3943 issicum
352 3868 389 3926 G:
415 3873 470 3926 siro
488 3869 549 3924 eddi
565 3869 605 3940 ἐφ’
626 3869 733 3923 ladmen
752 3867 851 3924 Sextus
960 3871 986 3922 2.
1007 3869 1150 3933 ἀποτιξεως
1169 3867 1283 3928 Sextus:

134 3965 296 4026 ἀποδείξεως
314 3961 336 4018 C
353 3961 384 4018 hl
500 3964 527 4016 4.
546 3961 677 4033 καὶπρὸς
695 3961 818 4016 διάθεσιν
836 3959 936 4016 Sextus
1059 3963 1084 4018 5.
1105 3969 1191 4036 μαίας
1209 3963 1283 4020 Sex.

135 4069 193 4116 tus:
214 4053 314 4131 ἅμιιῦ
447 4057 473 4111 7.
496 4055 589 4129 ὀλίγον
609 4053 722 4109 Sextus:
752 4053 828 4120 ὅλον,
853 4063 916 4108 ante
935 4054 1009 4127 quod
1027 4057 1189 4111 vocabulum
1212 4058 1282 4113 duae

137 4153 245 4209 litterae
265 4145 491 4214 oronnamnt‚G
606 4149 633 4204 8.
653 4148 697 4202 ln’
717 4149 812 4202 ἄλλων.
851 4144 883 4202 tr
901 4145 1015 4203 Sextus:
1036 4150 1077 4202 ιιι·
1099 4151 1170 4223 sup
1188 4151 1228 4204 alr
1245 4149 1281 4206 C:

135 4239 397 4316 1η’ἄ1.1ῳ.“ον11
511 4241 537 4295 9.
557 4239 791 4315 σιτιθμισισθαιῦ
889 4241 914 4295 9.
935 4238 1079 4303 &eunuc
1155 4245 1196 4297 11).
1216 4244 1282 4297 ἀνιο-

137 4341 227 4402 ἠξιως
248 4335 361 4391 Sextus:
382 4335 542 4396 ἀποδείξεως
560 4331 583 4388 C
601 4331 631 4388 hl
741 4335 783 4388 lt.
803 4333 851 4388 οὖν
869 4336 940 4388 hocs
959 4333 1072 4390 Sextus:
1090 4335 1140 4408 οὔχ
1157 4333 1282 4390 ισιιῖσιῦ

141 4431 182 4486 14.
202 4429 262 4504 ἅμα
279 4429 307 4502 τῇ
325 4427 452 4497 ἆποιέξιι]
470 4427 513 4494 τὴν
532 4423 653 4489 &niuster
671 4425 770 4482 Sextus
834 4427 877 4482 15.
887 4426 930 4480 inl
946 4427 988 4494 τῆς
1007 4425 1107 4482 Sextus
1170 4427 1211 4482 16.
1231 4445 1283 4490 πα.

138 4523 337 4597 ραοημαίνιιαι]
355 4519 550 4594 mmmmm
569 4515 668 4575 Sextus
