3002 4958
431 307 649 368 ussncttttts.
694 311 949 372 sttsxtttsttottn.
1224 309 1264 374 17

120 469 316 554 conferrique
340 471 486 534 universe
509 473 641 537 invicem
665 483 697 538 ot
720 493 782 540 non
805 481 992 562 consistere,
1025 484 1057 540 et
1085 479 1165 542 siout
1186 477 1262 560 Em-

121 575 267 657 pcdoclcs
290 595 413 642 omnem
437 578 520 642 circa
543 597 602 644 nos
622 580 724 646 locum
748 583 825 648 dixit
845 585 929 650 ιιιιΙιι
951 584 1123 649 confertum
1146 591 1262 650 esseet

119 685 273 764 usquead
295 685 399 750 lunam
422 683 543 766 quidem
567 689 746 771 pertingere
767 691 846 754 mala
868 709 908 754 ex
929 692 1001 756 loco
1023 693 1104 756 circu
1122 691 1260 756 tellurem

120 797 275 872 porrecto,
298 790 424 854 ulterius
447 797 549 852 sutem
573 809 636 856 non
660 794 824 878 progredi,
847 798 958 878 quippe
971 815 1039 860 cum
1055 799 1154 860 omnis
1168 807 1300 878 suprosn

120 895 217 961 lunam
241 897 348 978 purior
368 895 408 960 sit
429 895 526 961 loeus.
571 897 616 962 lta
638 899 730 966 etiam
754 901 913 966 llersclito
935 905 1032 966 visum
1054 912 1110 968 est.

130 1133 140 1140 ·
199 1107 273 1172 Post
295 1106 353 1173 lros
377 1110 545 1174 extiterunt
566 1109 657 1174 etium
678 1112 730 1177 alii
753 1113 887 1199 plrpsici,
912 1132 1042 1196 quorum
1061 1131 1125 1178 non
1142 1130 1258 1176 neces·

120 1214 228 1288 surium
252 1215 389 1280 arbitrati
411 1234 517 1280 sumus
540 1216 664 1281 decreta
689 1237 857 1306 opponere,
881 1224 994 1304 quippe
1017 1239 1098 1302 quae
1120 1219 1194 1284 nihil
1217 1219 1256 1282 ab

119 1322 152 1384 iis
172 1341 253 1404 quae
275 1341 367 1405 supro
391 1323 566 1388 dictasunt
591 1324 776 1408 discrepent.
833 1329 895 1394 Sed
921 1348 990 1393 oum
1025 1328 1057 1392 in
1080 1329 1256 1392 universum

118 1447 175 1492 oon
197 1432 311 1512 exigua
335 1432 471 1496 extiterit
492 1430 598 1496 schola
622 1433 770 1516 multique
793 1443 901 1517 postes
929 1434 1047 1518 physici
1077 1434 1176 1498 exiis
1199 1435 1295 1498 ortlso

117 1535 187 1616 siut,
217 1536 270 1600 alii
298 1537 387 1602 aliter
410 1539 450 1602 de
473 1545 580 1602 ustura
608 1543 745 1604 uniuersi
768 1541 979 1624 disserentes,
1012 1541 1102 1604 ctiam
1136 1525 1257 1601 videtur

119 1643 202 1708 nolis
224 1647 367 1728 exposita
389 1663 446 1726 per
477 1647 695 1711 successiones
726 1646 939 1730 atphogoro
978 1645 1173 1728 philosophia
1201 1663 1257 1706 re-

119 1766 240 1814 currere
276 1751 315 1816 ad
334 1769 371 1814 ea
397 1769 477 1832 quse
500 1750 684 1834 placuerunt
705 1753 840 1819 steteris
862 1754 1115 1834 successoribus,
1148 1749 1256 1831 trisque

118 1860 262 1923 crematis
280 1859 433 1924 accedere
455 1858 494 1922 ad
516 1858 646 1924 ethicam
663 1868 695 1924 et
713 1861 844 1944 logicam
872 1857 1104 1943 philosophiam,
1128 1875 1255 1939 querum

116 1971 253 2030 ardores
266 1967 434 2030 extiterunt
445 1967 590 2031 socrates
602 1965 731 2052 ethicae,
754 1967 1052 2034 Aristotelesaotero
1063 1965 1292 2040 dialecticasse

193 2073 329 2140 Thaletis
362 2074 456 2157 igitur
484 2073 717 2140 Anaximander
747 2074 805 2140 luit
833 2073 965 2140 auditor.
1024 2071 1254 2136 Anaximander
1348 2126 1355 2136 .

117 2177 280 2244 Praxiadae
302 2180 449 2245 llilesius.
493 2179 549 2244 llio
570 2181 750 2262 principium
773 2181 848 2246 dixit
871 2200 973 2246 rerum
998 2186 1136 2244 naturam
1152 2196 1253 2260 qusu-

116 2284 177 2350 dam
198 2287 322 2371 infiniti,
345 2305 385 2352 ex
407 2305 467 2370 quo
491 2285 627 2352 existere
649 2287 755 2352 caelos
777 2288 971 2370 mundosque
993 2286 1046 2368 qui
1068 2287 1182 2351 suntin
1206 2286 1252 2352 iis.

115 2390 289 2477 Principium
312 2399 413 2460 autem
431 2411 502 2458 esse
526 2399 685 2458 ueternum
700 2401 729 2458 st
745 2397 822 2460 senii
840 2413 963 2477 expers,
985 2393 1069 2475 quod
1089 2393 1253 2456 universos

117 2501 268 2566 moenem
290 2501 431 2567 mundos.
484 2501 565 2566 Dicit
586 2509 687 2566 autem
716 2507 836 2582 tempus
868 2508 903 2566 ut
931 2501 1016 2564 finita
1047 2501 1291 2584 generationem

117 2613 145 2669 ct
163 2609 325 2672 existentia
350 2615 381 2672 et
409 2609 542 2672 interitu.
586 2609 642 2672 llic
662 2608 843 2689 principium
863 2614 896 2672 et
917 2604 1147 2668 tundamentum
1177 2604 1252 2668 dixit

116 2730 210 2778 reram
242 2714 274 2778 id
309 2711 394 2796 qood
426 2712 575 2778 inlinitum
612 2719 676 2796 est,
713 2714 890 2794 primusque
920 2709 1108 2792 nuncupavit
1140 2725 1253 2770 nomen

114 2821 255 2904 principii.
300 2819 463 2884 Praetereo
487 2825 588 2884 sulem
610 2827 725 2884 motum
748 2818 967 2901 sempiternum
989 2831 1071 2898 esse,
1092 2831 1252 2895 perquem

115 2922 228 2990 ierint
250 2927 386 2992 existant
409 2925 498 2991 cccli.
543 2925 667 2990 Terram
691 2931 792 2990 autem
814 2922 978 3009 pendulam
1003 2939 1089 3003 esse,
1113 2918 1195 2984 nulle
1216 2937 1252 2984 re

115 3029 296 3118 roboratam,
318 3037 492 3100 manentem
504 3037 632 3115 propter
644 3050 750 3114 purem
774 3032 909 3098 omnium
924 3029 1109 3094 distantium.
1154 3027 1289 3108 Figuli

115 3153 171 3200 ram
193 3147 298 3204 autem
321 3141 387 3204 eius
408 3157 550 3223 curvam,
580 3137 759 3224 rotundam,
794 3139 958 3202 columnae
991 3135 1085 3218 lapidi
1114 3133 1252 3198 similem.

115 3241 301 3310 Planitierum
325 3245 413 3310 alteri
435 3245 622 3322 insistimus,
650 3245 746 3310 alters
760 3251 871 3308 ‚autem
894 3244 1035 3325 opposito
1058 3246 1115 3306 est.
1168 3241 1250 3303 Stet·

115 3349 153 3414 lar
175 3361 275 3418 autem
299 3369 371 3416 esse
396 3351 504 3416 orbern
525 3352 624 3436 ignis,
659 3351 824 3416 discretum
857 3349 895 3414 alr
924 3350 988 3432 igni
1015 3349 1068 3429 qui
1095 3354 1143 3412 est
1169 3348 1251 3410 circs

115 3457 269 3542 nundum,
291 3457 547 3540 comprehensum
568 3465 671 3522 eutem
695 3459 733 3522 ab
757 3465 841 3522 aere.
892 3455 1123 3538 Exspirattones
1150 3459 1251 3516 autem

114 3570 213 3626 extors
235 3563 382 3646 qmsdam
405 3566 515 3647 aerios,
538 3581 595 3646 per
618 3581 698 3645 quse
713 3562 781 3629 loco
794 3563 900 3627 lucent
915 3562 1039 3638 stelles,
1064 3565 1289 3642 quopropteru

117 3668 199 3732 etism
229 3670 493 3754 exspirationibus
523 3671 689 3736 obstnuctis
718 3669 850 3751 eclipses
880 3668 956 3732 ficri.
1010 3667 1124 3730 Lunam
1148 3673 1252 3728 autem

118 3773 187 3839 ulios
208 3779 330 3860 plenam
353 3795 520 3860 apparere,
544 3777 710 3859 aliquando
740 3781 841 3839 autem
866 3775 1052 3838 minuentem
1081 3770 1251 3837 secundum

116 3883 256 3949 tramitum
280 3885 522 3950 obstructionem
547 3890 596 3948 aut
633 3871 850 3948 reclusionem
904 3881 982 3946 Esse
1012 3887 1113 3944 sutem
1146 3877 1251 3942 orbern

114 4054 187 4124 yreia
212 4055 370 4135 lioepexus:
397 4057 483 4130 ὑγρὸν
507 4057 588 4128 vulgo
720 4057 765 4112 47.
801 4057 872 4109 κίονι
896 4051 1030 4108 Wollius=
1057 4055 1133 4125 glou·
1152 4049 1248 4122 vulgo:

116 4143 158 4199 cir.
177 4146 318 4223 lloepcrox
334 4169 363 4223 p.
381 4153 444 4206 dot.
463 4167 520 4223 sq..
556 4150 603 4223 qui
626 4149 661 4204 ab
682 4147 885 4204 Anaximandro
903 4146 964 4218 ipso
982 4146 1070 4216 ssordp
1097 4142 1252 4214 proiectum

116 4235 248 4296 obturetur
394 4243 439 4298 47.
459 4244 504 4298 48.
549 4240 580 4296 ‘tr
603 4239 809 4314 ἐπιβιρἡκαμιν,
834 4237 916 4312 ὃμὲν
934 4236 963 4291 di
983 4234 1005 4290 B
1029 4233 1069 4290 0:
1097 4235 1131 4304 xpi
1147 4232 1199 4305 priv
1216 4263 1253 4276 -

116 4329 163 4384 ὅθι
180 4331 314 4388 Sslrinlns
400 4335 444 4390 5⁰.
455 4334 498 4388 51.
518 4334 614 4396 ruinoso
631 4333 701 4395 τινὰς
719 4333 845 4404 depoldus
863 4331 924 4386 καθ’
945 4326 991 4390 οὓς
1012 4331 1134 4398 salvem
1152 4323 1251 4392 ’013οἰ

115 4425 218 4479 conexit
235 4423 379 4497 Roepcros
399 4442 430 4496 p.
452 4427 515 4482 ⁰08.

940 4519 960 4580 2
