3002 4958
598 303 796 362 suabilum.
1243 295 1266 362 V

129 483 252 548 cunque
285 467 323 532 ad
353 475 468 534 textum
499 469 723 535 emendandum
753 491 770 536 a
800 473 896 555 primo
927 469 1046 534 editore
1077 468 1270 532 meritissimo

131 595 260 677 aliisque
284 597 356 660 viris
375 596 475 661 ductis
507 600 597 681 (inter
619 617 698 682 quos
720 599 932 682 Rernavsium,
957 597 1161 678 Bunsenium,
1183 597 1281 660 Rue-·

130 742 252 809 perum,
285 725 320 790 ll.
345 725 480 791 Scottum
511 735 600 812 grato
630 729 732 792 animo
761 726 897 811 nomino)
932 727 979 790 vcl
1007 727 1038 790 in
1067 725 1152 789 libris
1183 725 1272 790 editis

129 853 278 918 universo
308 854 374 917 orbi
395 853 530 920 litterato
553 855 677 938 publice
709 855 936 936 commendata,
969 853 1019 916 vol
1047 847 1272 917 consuetudine

127 983 196 1046 sivo
219 985 372 1046 sermonis
394 983 460 1048 sive
475 983 641 1048 litterarum
666 985 755 1049 nobis
778 985 918 1067 privatim
930 985 1089 1067 proposita
1106 991 1187 1068 sunt,
1202 984 1272 1048 dili-

128 1117 242 1196 genter
265 1113 511 1176 examinavimus.
556 1113 720 1177 Praeterea
740 1131 888 1177 summam
918 1111 1058 1176 dedimus
1082 1115 1217 1196 opeiam,
1240 1121 1275 1176 ut

129 1238 246 1325 fontes,
268 1241 433 1323 exquibus
452 1249 559 1306 auctor
571 1249 677 1306 noster
697 1241 806 1327 hausit,
823 1241 1002 1326 indagando
1019 1249 1051 1305 et
1066 1242 1273 1325 comparando

128 1369 288 1451 ipsiusque
318 1370 415 1433 verba
436 1370 518 1433 inter
539 1387 574 1433 se
601 1369 793 1434 conferendo
817 1379 849 1434 et
871 1390 976 1435 veram
1001 1373 1068 1435 eius
1091 1372 1274 1436 sententiam

131 1494 343 1578 explorando,
376 1496 545 1559 orationem
578 1497 614 1559 ad
644 1499 774 1559 nativam
800 1515 886 1560 suam
910 1496 1068 1560 veritatem
1094 1505 1185 1578 atqua
1207 1497 1276 1559 sin-

134 1625 292 1687 ceritatem
328 1641 558 1688 revocaremus.
616 1625 768 1689 Sexcenta
800 1626 893 1709 igitur
928 1625 1120 1688 librariorum
1156 1622 1275 1706 menda,

133 1751 243 1834 quibus
267 1753 434 1817 innumeris
457 1752 534 1817 liber
556 1754 715 1836 scatebat,
748 1753 924 1818 sustulimus
956 1753 1127 1836 multasque
1150 1753 1276 1818 lacunas

130 1881 337 1966 explevimus,
372 1881 638 1946 emendationibus
664 1901 770 1966 parum
801 1884 895 1948 certis
924 1885 973 1948 vel
1005 1884 1044 1948 ad
1077 1891 1166 1948 nolas
1189 1884 1277 1948 rele-

130 2011 230 2096 gatis,
257 2011 306 2076 vel
335 2014 480 2075 versione
506 2011 598 2075 latina
627 2013 823 2098 significatis,
856 2015 944 2078 lucos
974 2033 1052 2078 vero
1080 2014 1157 2078 ultra
1191 2033 1275 2096 spem

130 2140 241 2206 salutis
263 2147 427 2222 corruptos
459 2143 591 2205 intactos
614 2141 792 2224 relinquere
815 2161 904 2224 quam
930 2141 1114 2207 emendandi
1138 2143 1275 2225 periculo

130 2268 274 2352 cupidius
297 2269 438 2333 iaciendo
466 2270 668 2352 pessumdare
692 2269 859 2334 maluimus.

218 2397 421 2483 versionem,
457 2400 544 2462 cuius
574 2407 729 2481 postrema
761 2403 836 2480 'pars
874 2397 998 2480 iudea
1031 2399 1111 2463 libro
1144 2401 1275 2481 septimo

131 2537 268 2594 exeunte
299 2535 370 2612 post
403 2528 628 2595 Schneidewini
662 2529 784 2594 obiturn'
811 2549 829 2592 a
860 2548 908 2593 me
940 2529 1009 2594 solo
1043 2530 1184 2595 coniecta
1219 2540 1276 2616 est,

134 2666 277 2740 tanquam
311 2661 521 2722 commentarii
555 2659 626 2722 loco
661 2659 757 2721 textui
787 2658 1014 2741 adiungendam
1045 2678 1115 2722 esse
1149 2662 1276 2724 censui-

135 2803 218 2870 mus,
248 2785 385 2868 ideoque
417 2803 479 2848 nou
510 2786 540 2848 in
572 2803 611 2849 eo
634 2787 823 2867 potissimum
847 2786 1066 2871 laboravimus,
1088 2793 1121 2851 ut
1143 2786 1276 2872 elegan-

133 2922 195 3000 ter,
218 2914 275 2978 sed
299 2923 329 2979 ut
354 2922 497 2979 accurate
521 2917 610 2979 etad
635 2915 762 2978 verbum
788 2916 906 2978 Graeca
933 2917 1180 2980 transferremus.
1207 2917 1277 2980 An-

133 3047 313 3110 uotationes
336 3063 430 3130 vero,
454 3044 565 3126 quibus
589 3044 697 3108 librum
722 3045 967 3130 explanaremus,
994 3063 1056 3109 non
1079 3047 1136 3109 nisi
1151 3047 1277 3110 rarissi-

133 3193 199 3238 mas
213 3175 431 3258 adspersimus‚
445 3173 601 3238 sufficiens
618 3192 688 3239 esse
701 3176 760 3238 rati
778 3193 834 3238 eos
848 3177 982 3238 auctoris
1004 3176 1101 3239 nostri
1122 3175 1171 3238 vel
1195 3175 1277 3240 alio-

133 3321 202 3368 rum
222 3305 404 3386 scripturum
427 3303 516 3367 locos
536 3302 682 3386 attulisse,
707 3304 757 3386 qui
772 3302 810 3365 ad
826 3322 892 3366 rem
907 3303 1113 3367 illustrandam
1129 3302 1277 3368 iacerent.

221 3434 360 3518 ludices,
390 3435 500 3515 quibus
523 3449 601 3515 opus
624 3433 771 3516 instruxi,
804 3433 965 3496 maximam
988 3441 1104 3514 partem
1130 3450 1204 3497 cura
1227 3440 1278 3495 at·-

134 3584 197 3650 que
220 3563 358 3627 sollertia
390 3561 448 3625 viri
479 3562 646 3626 doctissimi
668 3561 856 3643 lldldeneri,
887 3563 1030 3626 Doctoris
1058 3562 1278 3648 Gottingensis,

134 3695 223 3759 euius
251 3693 364 3774 optima
398 3709 493 3773 opera
515 3693 573 3755 iam
603 3693 633 3754 in
656 3689 920 3774 typographorum
950 3689 1108 3754 erroribus
1136 3691 1278 3755 notandis

134 3825 183 3886 usi
206 3839 325 3905 sumus,
353 3819 519 3901 conscripti
543 3827 622 3884 sunt.

224 3967 403 4034 Scribebam
426 3966 603 4049 Gottingae,
635 3965 662 4027 d.
688 3961 783 4028 XXX.
811 3983 851 4026 m.
874 3964 953 4046 Aug.
978 3981 1004 4025 a.
1028 3961 1234 4026 MDCCCLIX

728 4195 936 4270 [rudovicus
972 4165 1156 4268 Dunelaer.
