2920 4982
603 369 732 432 ESSBNI.
1179 367 1243 434 485
1293 379 1297 388 “

87 543 199 602 autem
220 543 322 606 aetate
345 539 536 624 posteriores
558 562 575 607 a
598 538 778 623 disciptinae
800 539 968 608 seueritate
991 540 1190 626 deiecerunt,
1212 550 1244 606 nt

86 645 131 729 ii,
155 646 208 728 qui
231 647 261 710 in
284 649 394 730 priscis
417 651 552 716 moribus
575 659 773 735 permanent,
795 667 854 714 eos
876 669 916 715 ne
939 651 1090 736 attingant
1105 651 1245 733 φύσεως

87 771 175 837 quos
204 756 230 819 si
263 755 343 822 torte
366 758 569 846 contigerint,
604 761 674 826 iiico
707 759 885 844 abluuntur,
919 760 1006 842 quasi
1038 759 1243 843 alienigenam

89 879 186 944 quem
210 865 408 948 contigerint.
453 869 530 935 Sunt
551 877 653 934 cutem
677 875 708 932 et
728 869 874 949 longaevi
897 865 1054 953 plerique,
1077 869 1117 932 ita
1139 875 1174 932 ut
1192 865 1255 932 vet*

88 969 162 1054 pius
186 989 276 1053 quem
297 949 428 1039 ⁸centum
450 993 549 1040 nnnoe
575 976 691 1040 vivant.
742 975 837 1041 Aiunt
868 977 961 1058 igitur
993 992 1135 1040 causeum
1171 989 1280 1040 osseos

88 1079 225 1143 eximiae
246 1081 333 1146 istius
355 1082 477 1164 pietatis
498 1083 736 1170 immodicique,
771 1101 834 1167 quo
867 1084 906 1150 ad
930 1083 1107 1167 martyrium
1130 1082 1241 1148 ierun-

87 1192 160 1271 tur,
183 1187 290 1270 studit,
314 1188 396 1272 quod
420 1191 616 1257 continentes
637 1195 698 1258 sint
720 1193 848 1274 iraeque
871 1197 1054 1275 temperent.
1109 1192 1241 1256 Mortem

87 1302 193 1360 cutam
217 1304 434 1381 contemnunt,
456 1299 652 1382 gaudentque
674 1299 797 1382 quondo
819 1300 921 1364 bonae
948 1301 1058 1364 mentis
1080 1299 1137 1363 sibi
1160 1319 1241 1365 con-

87 1403 147 1466 scii
172 1403 252 1468 diem
277 1404 399 1470 obeunt.
443 1405 569 1471 Etiamsi
591 1425 668 1471 vero
692 1409 760 1490 quis
783 1407 901 1471 cruciet
923 1407 1032 1490 hosce,
1055 1413 1088 1472 ut
1109 1409 1159 1472 uei
1176 1407 1240 1492 legi

89 1509 273 1594 meledicat,
305 1512 355 1578 rei
378 1514 536 1600 comedat,
570 1515 652 1598 quod
675 1515 768 1580 idolis
789 1517 976 1581 immutatum
1002 1522 1070 1600 est,
1102 1535 1165 1580 non
1189 1515 1279 1585 in·to

88 1618 169 1701 ciet,
200 1621 356 1685 sustinens
392 1621 471 1686 mori
505 1630 537 1688 ct
570 1622 725 1687 cruciatus
757 1624 912 1709 perterre,
945 1643 986 1688 ne
1018 1623 1239 1690 conscientiam

88 1743 178 1790 sunm
200 1727 305 1792 violet.

178 1833 231 1900 27.
276 1832 363 1900 Valet
386 1841 487 1900 autem
510 1834 590 1919 apud
614 1853 670 1902 eos
692 1843 724 1902 et
745 1837 985 1903 resurrectionis
1013 1839 1141 1924 dogma,
1162 1856 1240 1923 pro-

88 1941 213 2008 fitentur
247 1945 328 2007 enim
363 1953 393 2008 et
427 1963 550 2010 carnem
586 1954 831 2010 resurrecturam
863 1947 1129 2030 immortalemque
1169 1965 1241 2012 esse

89 2049 237 2136 intorem,
266 2053 422 2136 quomodo
443 2055 503 2119 iam
526 2053 705 2119 immortalis
734 2056 773 2118 sit
796 2055 914 2140 anima,
945 2075 1035 2138 quam
1065 2063 1278 2139 separatamm

89 2178 171 2224 nuno
194 2162 278 2224 aiunt
301 2161 332 2224 in
356 2181 418 2227 uno
441 2162 512 2227 loco
540 2161 621 2226 bene
651 2163 799 2228 vontitnto
828 2169 860 2226 et
888 2163 1045 2228 luculento
1075 2167 1240 2246 quiescere

88 2285 190 2349 usque
214 2269 251 2332 ad
275 2267 439 2352 iudicium,
473 2288 564 2353 quern
593 2270 695 2336 iocum
728 2271 840 2336 Grceoi
871 2289 940 2335 oum
965 2270 1138 2336 audiverint
1160 2273 1239 2338 beo·

89 2381 190 2440 torum
213 2377 328 2442 insoles
352 2377 593 2460 appellaverunt.
639 2378 700 2444 Sed
723 2386 755 2442 ct
778 2379 835 2443 atie
861 2397 966 2446 eorum
985 2379 1127 2465 dogmata
1147 2390 1238 2466 post·

89 2501 180 2566 quam
204 2484 261 2548 sibi
284 2484 517 2549 vindicaverunt
540 2486 622 2550 muiti
645 2485 851 2571 Graecorum,
873 2505 946 2551 suas
970 2489 1134 2570 opiniones
1157 2508 1237 2556 con-

88 2649 149 2731 μὲν
170 2645 254 2710 ελναι
275 2648 314 2710 τύ
337 2646 471 2732 σώματα
494 2652 549 2711 καὶ
569 2647 625 2734 τὴν
646 2646 727 2733 ύλρν
748 2645 788 2712 ού
806 2646 945 2730 μόνιμον
966 2645 1091 2727 αὐτοῖς,
1122 2653 1178 2727 τὰς
1201 2650 1238 2716 δὲ

91 2753 199 2854 φυγὰς
227 2751 418 2831 ἀθανάτους
446 2751 498 2819 det
529 2753 709 2839 διαμένειν,
741 2758 796 2818 καὶ
827 2753 1068 2839 συμπλέκεσθαι
1095 2760 1171 2842 μέν,
1204 2757 1241 2823 έκ

89 2866 144 2925 τού
165 2859 355 2926 λεπτοτάτου
377 2862 539 2948 φοιτώσας
559 2861 711 2948 αλθέρυς,
733 2859 840 2949 ῶσπερ
858 2859 995 2948 εἱρκταῖς
1015 2875 1079 2940 τοῖς
1093 2863 1239 2950 σῶμασιν

91 2971 173 3050 ἴυγγέ
193 2991 252 3034 τινι
275 2973 393 3061 φυσικῇ
415 2972 685 3054 κατασπωμένας·
705 2968 841 3035 ἐπειδᾶν
864 2969 900 3036 δέ
922 2969 1068 3037 ἀνεθῶσι
1078 2977 1141 3038 τῶν
1157 2975 1239 3038 sord

91 3078 193 3164 σάρκα
226 3075 366 3161 δεσμῶν,
402 3075 455 3142 cta
485 3076 524 3166 δὴ
554 3081 683 3168 μακρᾶς
714 3076 863 3154 deodatae
894 3076 1145 3166 ἀπηλλαγμένας
1172 3081 1239 3148 τότε

90 3189 215 3273 χαίρειν
231 3189 287 3250 καλ
308 3187 483 3270 μετειύρους
504 3187 676 3272 φέρεσθαι.
721 3189 785 3251 Καὶ
813 3197 883 3263 ταῖς
909 3191 970 3272 μέν
991 3185 1138 3269 ἀγαθαῖς
1158 3187 1238 3275 ὀμο-

93 3293 256 3373 dcccdccc
283 3299 397 3359 marcia
420 3291 582 3380 Ἑλλήνων
615 3291 856 3379 ἀποφαίνονται
894 3295 950 3382 τὴν
983 3293 1064 3382 ὑπὲρ
1093 3293 1237 3364 dccccv

92 3400 217 3468 δίαιταν
240 3399 440 3467 ἀποκεῖσθαι
460 3405 516 3466 καλ
536 3405 643 3490 χῶρον
664 3402 735 3466 οὔτε
756 3401 889 3488 ὄμβροις
915 3403 985 3468 orire
1006 3415 1146 3490 νιφετοῖς
1165 3407 1236 3472 οὔτε

91 3512 230 3595 καύμασι
250 3509 490 3597 βαρυνόμενον,
514 3509 590 3576 ἀλλ’
612 3512 651 3576 ὃν
673 3510 709 3590 ἐξ
733 3509 878 3577 decaron
899 3514 1005 3598 πραῢς
1026 3512 1078 3578 det
1101 3513 1236 3602 ζέφυρος

92 3621 250 3687 έπιπνέοιν
276 3619 460 3710 ἀναψύχει·
494 3631 563 3698 ταῖς
596 3619 632 3686 δὲ
664 3621 809 3707 φαύλαις
838 3619 967 3708 ζοφῶύρ
996 3628 1051 3687 καῖ
1077 3626 1236 3711 χειμέριον

93 3728 295 3816 ύφορλζονται
320 3729 443 3815 μυχόν,
470 3732 608 3815 γέμοντα
638 3735 798 3815 τιμωριῶν
828 3729 1054 3798 ἀδιαλείπτου.
1097 3737 1236 3801 Δοκούσι

93 3837 129 3904 δέ
147 3861 202 3924 μοι
223 3839 304 3904 κακοὶ
326 3848 382 3926 τὴν
403 3837 503 3926 crispo
524 3839 654 3906 ἔννοιαν
670 3838 816 3926 Ἕλληνες
837 3850 902 3916 τοῖς
930 3863 962 3906 τε
991 3839 1153 3929 ύνύρεέυις
1174 3843 1236 3910 αύ-

92 3952 167 4027 ιῶν,
197 3949 254 4026 ούς
274 3946 382 4034 ἤρεσας
404 3951 459 4012 καὶ
481 3945 639 4035 ἡμιθέους
667 3947 820 4028 καλοῦσι,
853 3953 910 4026 τὰς
933 3951 1091 4036 μακάριον
1120 3952 1236 4039 νήσους

93 4055 349 4134 ἀνατεθεικέναι,
380 4067 450 4133 ταῖς
471 4055 508 4122 di
536 4061 600 4122 τῶν
628 4060 779 4144 πονηρῶν
808 4067 931 4145 ψυχαῖς
959 4059 1045 4124 καθ’
1066 4059 1151 4142 ᾅδου
1179 4061 1235 4126 τὸν

93 4165 214 4250 ἀσεβῶν
233 4170 353 4255 χῶρον,
376 4165 464 4232 ἔνθα
486 4171 540 4231 καὶ
562 4165 794 4252 κολαζομένους
813 4168 903 4246 τινας
922 4168 1153 4254 μυθολογοῦσι,
1175 4173 1233 4236 Σι-

91 4367 117 4423 ni
140 4365 205 4422 κατὰ
222 4362 327 4442 [πάντα]
351 4363 441 4438 ῶγνῶς
465 4363 498 4432 dri
521 4363 568 4420 καλ
591 4363 723 4439 ιύμέτρυς
746 4385 792 4440 πρ.
818 4369 864 4422 καὶ
887 4365 1054 4440 ῖγκραπσιύς
1088 4366 1231 4438 ingeniose

94 4459 161 4514 coni.
181 4455 320 4529 Sauppiur
427 4455 474 4510 ³5.
493 4454 730 4532 καταγνωσθῆναι]
750 4454 966 4530 :ammonete
1047 4455 1098 4511 ³9.
1115 4455 1228 4530 πιιὴαιι]

92 4567 111 4605 ιι
123 4587 150 4604 ..
169 4547 223 4616 ricco
241 4545 348 4601 duabus
367 4544 467 4602 iitterir
486 4543 585 4602 abistis
599 4543 635 4602 C:
654 4547 762 4615 πονύειι
780 4545 810 4602 Μ
924 4548 970 4602 45.
981 4547 1153 4618 pacorum
1165 4544 1186 4604 C
1197 4545 1227 4604 Μ
