3050 4988
553 311 700 370 dancus.
744 311 932 371 utstttuds.
1237 304 1299 371 345

158 493 228 538 eum
249 475 382 561 Veritas,
406 483 604 541 consecutum
628 494 698 541 esse
719 478 927 561 mendacium,
952 484 982 541 et
1004 484 1168 561 propterea
1191 476 1328 559 exple-t

159 583 198 646 tis
220 584 411 664 temporibus
435 583 615 650 dissolutum
637 601 708 648 csse
730 586 827 667 ipsius
851 603 939 669 opus.

247 689 301 755 55.
344 693 430 757 llaec
451 694 544 775 igitur
564 695 615 774 qui
638 699 709 758 sunt
731 713 749 758 a
771 694 877 768 schola
904 694 1056 758 Valentini
1086 699 1117 756 et
1147 692 1186 757 de
1215 710 1307 758 crea-

163 797 249 862 tione
272 806 302 862 et
326 799 364 863 de
387 800 531 864 universo
561 801 680 885 dicunt,
712 801 841 885 singulis
870 800 987 865 vicibus
1017 803 1114 885 magis
1144 820 1224 866 nova
1249 799 1309 865 ud-

162 913 365 991 geuerautes,
400 913 432 970 et
459 907 521 973 hoc
542 908 574 971 iu
597 909 696 972 lructu
720 909 881 991 deputant,
917 911 943 973 si
974 909 1042 992 quis
1073 927 1170 973 novus
1205 921 1333 973 rerumo

165 1014 388 1096 appellationes
432 1023 623 1080 commentus
662 1016 808 1082 miracula
845 1015 941 1081 edere
979 1016 1142 1082 videbitur.
1197 1015 1237 1080 Et
1270 1035 1310 1079 ex

164 1123 323 1205 scripturis
353 1123 473 1207 singula
507 1142 648 1208 quaeque
687 1123 725 1188 ad
753 1141 914 1209 numeros,
950 1125 1002 1206 qui
1039 1125 1200 1188 memorati
1230 1132 1309 1209 suut,

166 1230 437 1295 accommodantes
460 1233 657 1297 criminantur
679 1231 795 1295 llosem
830 1239 861 1296 ct
891 1231 1075 1317 propbetas,
1106 1250 1174 1295 cum
1206 1231 1310 1298 dicunt

168 1338 336 1422 allegorice
361 1355 521 1403 mensuras
546 1356 678 1402 aeonum
700 1338 770 1402 illos
794 1338 915 1402 dicere:
949 1356 1029 1420 quae
1059 1354 1216 1420 apponere
1237 1338 1310 1402 mibi

168 1445 263 1509 visum
298 1463 362 1509 nou
393 1451 456 1528 est,
490 1451 596 1528 utpote
631 1447 793 1530 nugatoria
822 1452 854 1509 et
881 1464 980 1527 vana,
1015 1463 1083 1508 cum
1113 1446 1171 1509 ianr
1201 1445 1350 1515 beatusto

166 1553 331 1635 presbyter
352 1552 498 1617 lrcnaeus
521 1553 659 1636 graviter
681 1561 713 1616 et
734 1559 840 1617 curate
867 1552 976 1636 placita
1000 1571 1106 1616 corum
1130 1556 1311 1639 excusserit,

167 1679 183 1724 a
215 1679 277 1742 quo
307 1666 339 1724 ct
368 1679 474 1725 eorum
504 1661 627 1723 iuventa
658 1659 875 1746 [accepimus],
913 1659 1158 1725 demonstrantes
1188 1679 1244 1725 eos
1272 1680 1312 1724 ex

166 1767 369 1852 Pythagorica
393 1767 587 1850 philosophie
615 1774 646 1830 et
674 1767 903 1852 astrologorum
934 1768 1113 1832 curiositate
1142 1767 1220 1832 baec
1241 1787 1312 1832 mu-

167 1881 270 1939 tuatos
298 1878 449 1957 imputare
478 1873 597 1938 Christo
624 1875 705 1938 illum
732 1874 811 1939 haec
840 1875 1012 1942 tradidisse.
1073 1873 1134 1941 Sed
1168 1876 1311 1958 quonium

169 1981 301 2045 arbitror
328 1983 420 2045 ctiam
451 1981 559 2046 horum
594 2001 671 2048 vana
706 1991 876 2046 commenta
912 1981 1034 2048 abunde
1068 1986 1207 2066 exposita
1240 1994 1351 2049 essett

170 2095 338 2170 aperteque
360 2088 616 2175 demonstratum,
650 2109 782 2173 quorum
805 2093 864 2155 sint
887 2090 1025 2174 discipuli
1046 2091 1167 2156 llarcus
1198 2099 1229 2156 et
1248 2092 1312 2156 Co-

167 2194 324 2280 larbasus,
353 2196 585 2263 Valentinianae
615 2197 742 2262 scholae
771 2215 992 2284 successores,
1027 2199 1203 2284 videamus,
1239 2197 1311 2282 quid

169 2303 251 2367 dicet
276 2312 307 2368 et
328 2303 486 2370 Basilides.

616 2469 895 2479 -——-—-—-·—·-—-

327 2657 660 2736 uusuuauroms
686 2659 865 2736 ouumu
891 2661 1157 2737 nnuausruu

575 2805 687 2870 LIBER
717 2805 915 2872 SEPTIMUS.

648 2953 834 2967 m-

257 3059 341 3126 llaec
369 3063 474 3131 insunt
502 3069 534 3132 in
566 3072 697 3155 septimo
734 3069 812 3135 libro
842 3068 1036 3134 refutationis
1070 3067 1204 3132 omnium
1232 3065 1337 3132 hae-1

170 3183 297 3231 resrum:

88 3353 94 3362 '
171 3364 407 3430 interminatum.
456 3367 511 3431 llic
537 3367 662 3455 dicunt,
692 3389 761 3434 cum
791 3371 951 3454 effugisset
980 3389 1049 3434 cum
1078 3370 1215 3453 VerituS,
1240 3369 1317 3434 sub-

171 3478 311 3537 secutum
338 3474 543 3560 mendacium,
574 3484 605 3538 et
634 3483 760 3559 propter
789 3477 847 3542 boc
877 3477 1118 3542 destructionem
1149 3475 1317 3559 adimpletis

171 3579 361 3662 temporibus
381 3581 522 3664 accipere
546 3584 612 3646 cius
636 3600 723 3663 opus.

260 3688 333 3770 Gap.
357 3685 407 3772 18,
426 3687 453 3753 l.
497 3686 536 3750 Et
558 3687 598 3751 de
621 3689 798 3754 conditione
821 3691 943 3772 quidem
966 3691 1038 3755 talia
1061 3688 1211 3774 diceutes,
1233 3707 1317 3772 quo-

171 3792 247 3857 tidie
268 3795 423 3858 adinveuit
444 3797 654 3877 unusquisque
676 3814 805 3881 eorum,
829 3795 1085 3878 quemadmodum
1108 3806 1228 3882 potest,
1257 3798 1317 3862 ali-

173 3899 245 3982 quid
275 3902 367 3981 novi3
396 3901 551 3984 perlectus
579 3903 659 3965 enim
689 3920 796 3989 nemo,
828 3903 886 3968 nisi
912 3905 964 3984 qui
994 3904 1126 3970 maxima
1155 3902 1317 3968 mendacia

173 4005 253 4089 apud
278 4025 333 4070 cos
356 4006 592 4074 fructificaverit.
638 4009 703 4073 Etc.

172 4213 217 4251 om
236 4194 258 4252 C
275 4194 317 4252 M:
336 4199 531 4271 μετειλήφαμεν
547 4196 706 4254 Bussenius
820 4199 864 4252 76.
884 4193 1165 4271 σφετερησαμένουςῦ
1272 4199 1317 4254 77.

171 4289 287 4366 Xpscrpi]
305 4290 412 4365 Χριστῷ
430 4291 467 4354 ὥς
485 4289 506 4346 G
524 4289 554 4346 Μ
667 4291 756 4361 ταῦτα]
785 4289 863 4345 rause
886 4286 1045 4345 Bunseuius
1159 4290 1317 4360 παραδεδω-

172 4384 257 4451 κέναι]
277 4384 479 4456 παραδεδωκότι
497 4394 604 4440 serrato
632 4384 669 4446 ὥς
693 4381 848 4438 Ruuscnius
868 4391 897 4438 et
915 4380 949 4439 R.
970 4381 1081 4438 Scottus
1204 4382 1250 4438 80.
1278 4384 1319 4437 λέ-

173 4470 272 4546 yesrC
392 4477 419 4530 2.
444 4474 609 4551 dide'ygooC
