3050 4988
681 343 865 402 BASfoDES.
1297 336 1360 400 379

212 517 274 575 tum
300 518 383 574 esset
411 511 440 574 ei
463 527 534 574 esse
563 511 655 576 etiam
687 512 825 593 spiritum
858 516 1010 590 sanetum,
1041 507 1102 574 hoo
1134 517 1180 574 est
1211 508 1243 574 id
1274 509 1358 592 quod

214 619 434 682 conterminum
457 624 520 701 est,
548 626 580 682 et
603 617 775 704 filietatem,
804 625 835 681 et
868 635 939 680 esse
970 617 1077 700 deum,
1106 616 1215 680 borum
1247 624 1358 680 auoto-

214 745 279 790 rem
311 727 460 809 omnium,
489 743 557 788 eum
589 727 640 808 qui
668 745 730 790 non
761 732 825 808 est,
856 725 986 790 laetatus
1019 730 1067 786 est
1095 725 1133 788 iis
1165 743 1244 806 quae
1280 724 1401 790 dimam

217 840 304 896 erent
323 841 354 896 et
377 833 537 896 exultavit:
573 831 634 898 boo
665 839 711 896 est
734 832 903 898 seeundum
928 851 984 898 eos
1015 833 1219 917 evangelium.
1274 833 1361 897 iesus

217 949 317 1006 autern
353 947 521 1022 generatus
556 947 603 1004 est
631 939 801 1004 secundum
830 958 887 1004 eos
910 948 943 1003 ut
965 947 1057 1005 antea
1082 940 1223 1004 diximus.
1270 940 1361 1004 Facta

218 1055 319 1112 autem
343 1066 423 1130 quae
446 1055 535 1111 antea
561 1047 715 1112 declarata
738 1055 785 1110 est
807 1050 1025 1132 generatione,
1046 1049 1135 1138 facta
1158 1055 1229 1112 sunt
1252 1051 1362 1129 omnia,

220 1174 299 1238 quae
320 1157 474 1238 pertinent
496 1154 534 1218 ad
557 1154 753 1234 salvatorem,
784 1156 921 1219 similitor
942 1154 1111 1220 seeundum
1135 1173 1192 1219 eos
1218 1161 1310 1236 atque
1331 1157 1362 1219 in

220 1263 388 1347 evangeliis
411 1262 555 1344 scripturn
586 1271 643 1326 est.
701 1263 792 1326 Facta
823 1271 924 1326 eutem
953 1261 1032 1326 baeu
1062 1270 1156 1347 sunt,
1191 1265 1301 1347 inquit,
1330 1271 1402 1326 uttu

220 1371 369 1452 primitiae
392 1369 549 1433 divisionis
571 1369 714 1433 classium
738 1387 846 1433 eorum
878 1389 957 1452 quae
987 1373 1149 1436 commixta
1175 1378 1263 1434 erant
1287 1391 1363 1435 eva·

222 1477 310 1542 deret
330 1479 426 1542 lesus.
472 1477 546 1541 Cum
568 1478 662 1560 igitur
683 1477 813 1541 mundos
841 1478 1020 1544 distributus
1047 1481 1087 1542 sit
1114 1481 1145 1542 in
1178 1478 1362 1562 ogdoadem,

221 1605 301 1668 quae
325 1593 373 1650 est
396 1592 486 1668 caput
512 1585 647 1648 universi
674 1585 776 1648 mundi
807 1587 909 1670 (eaput
931 1595 1030 1650 autem
1054 1585 1207 1669 ogdoadis
1232 1605 1363 1670 magnus

221 1691 367 1777 archon),
398 1700 427 1756 et
456 1693 488 1754 in
511 1691 736 1756 hebdomadem
766 1691 867 1776 (caput
896 1701 995 1756 nutem
1030 1692 1230 1758 hebdomadis
1260 1695 1364 1776 opifex

221 1799 464 1883 subiacentium),
497 1805 528 1862 et
554 1801 585 1862 in
614 1800 696 1862 huno
724 1799 853 1884 gradum
887 1800 938 1882 qui
968 1801 1101 1882 pertinet
1129 1800 1169 1864 ad
1203 1817 1280 1884 nos,
1314 1800 1403 1864 ubtao

222 1913 270 1970 est
291 1905 486 1970 deformitas:
511 1906 673 1988 oportebat
702 1925 846 1988 eaquae
876 1907 1119 1971 confoederant
1146 1925 1187 1972 ex
1216 1907 1364 1971 elassibus

221 2014 359 2095 separari
382 2031 438 2094 per
459 2014 530 2076 iesu
553 2013 744 2078 divisionem.
801 2015 925 2078 Passum
953 2016 1045 2097 igitur
1068 2022 1117 2078 est
1138 2016 1170 2078 id
1193 2015 1276 2098 quod
1299 2023 1366 2078 erat

223 2121 291 2184 eius
314 2119 484 2202 corporatis
519 2139 605 2204 pars,
640 2139 720 2203 quae
750 2129 815 2184 erat
844 2120 1065 2204 deformitatis,
1098 2131 1131 2188 ει
1162 2122 1288 2187 redacta
1319 2128 1367 2184 est

222 2229 252 2291 in
277 2227 518 2308 deformitatem;
539 2230 750 2292 resuscitatum
780 2234 882 2291 autem
916 2236 963 2292 est
992 2229 1022 2291 id
1055 2229 1137 2310 quod
1168 2237 1233 2293 erat
1262 2230 1293 2293 in
1327 2247 1365 2294 eo

223 2337 371 2420 animate,
401 2335 430 2400 id
454 2335 534 2417 quod
558 2342 625 2399 erat
649 2337 685 2398 ab
710 2335 920 2420 hebdomade,
954 2343 985 2400 ει
1013 2337 1104 2400 rediit
1132 2337 1163 2400 in
1192 2337 1404 2404 hebdomo-tu

224 2445 309 2524 dem3
334 2444 529 2509 resuscitavit
556 2450 656 2506 autem
687 2443 718 2507 id
742 2445 913 2524 quoderat
944 2443 1144 2508 domesticum
1179 2447 1286 2508 summi
1310 2465 1367 2508 oa·

223 2553 372 2630 cuminis,
396 2553 499 2634 magni
522 2551 696 2634 arebontis,
720 2558 750 2614 ει
770 2550 881 2614 mansit
903 2550 984 2632 apud
1006 2569 1148 2635 magnum
1172 2551 1368 2632 arebontem;

224 2659 331 2723 extulit
354 2667 454 2723 autem
478 2677 576 2740 usque
600 2658 639 2721 ad
662 2657 692 2721 id
716 2658 798 2741 quod
821 2677 913 2740 supra
937 2665 984 2722 est
1005 2659 1079 2723 tttud
1103 2659 1266 2741 quoderat
1286 2678 1366 2724 eon·

223 2766 344 2830 termini
367 2768 508 2849 spiritus,
540 2771 570 2828 ει
598 2765 708 2828 mansit
730 2767 760 2828 in
784 2768 973 2830 contermino
1003 2769 1123 2848 spiritu3
1153 2776 1281 2850 purgata
1306 2785 1366 2831 au-

224 2881 283 2936 tem
306 2881 353 2937 est
374 2873 483 2936 btietes
506 2875 596 2936 tertia
620 2891 675 2955 per
699 2892 786 2954 eum,
818 2891 898 2955 quaa
920 2874 1028 2937 relicta
1056 2881 1121 2937 erat
1147 2873 1187 2939 ad
1209 2874 1291 2938 bene
1315 2875 1404 2938 fa-to

224 2979 364 3043 siendum
389 2987 418 3043 ει
442 2979 524 3043 bene
546 2979 735 3063 patiendum,
769 2988 800 3043 et
819 2979 959 3044 escendit
989 2980 1028 3044 ad
1054 2981 1174 3046 beatam
1203 2981 1366 3065 filietatem,

223 3093 382 3169 postquam
406 3104 463 3169 per
484 3088 587 3150 omnia
608 3086 686 3151 baec
708 3088 851 3168 pervasit.
897 3087 994 3151 Omne
1022 3091 1102 3152 enim
1132 3107 1239 3153 eorum
1269 3107 1367 3171 argu-

224 3200 358 3256 mentum
382 3198 430 3254 est
452 3198 594 3273 tanquam
617 3193 772 3255 seminarii
801 3193 940 3257 confusio
967 3201 998 3256 ει
1025 3193 1167 3257 classium
1201 3194 1312 3258 divisio
1337 3199 1367 3256 et

222 3301 373 3364 restitutio
397 3299 596 3363 confusorum
618 3301 649 3362 in
672 3300 741 3362 loca
764 3299 943 3365 domestica.
999 3301 1149 3366 Gtassium
1172 3304 1264 3386 igitur
1287 3301 1368 3364 divi-

223 3410 317 3473 sionis
340 3409 490 3490 primitiae
513 3407 610 3472 faetus
633 3411 681 3470 e'st
701 3406 804 3491 iesus,
840 3416 871 3471 et
897 3409 1000 3490 passio
1023 3426 1085 3471 non
1109 3411 1184 3473 atius
1207 3409 1404 3482 cuiusdamas

222 3517 321 3601 pratia
345 3516 426 3579 faeta
452 3524 500 3579 est
529 3533 585 3596 per
607 3514 786 3578 divisionem
818 3514 959 3578 classium
990 3534 1096 3579 eorum
1125 3536 1206 3599 quae
1239 3517 1367 3582 confusa

224 3630 320 3687 erant.
366 3622 409 3686 Ea
433 3623 513 3685 enim
537 3624 659 3686 ratione
683 3623 724 3686 ait
747 3639 868 3684 omnem
891 3621 1055 3708 filietatem,
1078 3643 1158 3705 quae
1175 3626 1280 3688 relicta
1301 3633 1368 3688 erat

222 3733 254 3795 io
278 3731 472 3796 deformitate
495 3730 533 3794 ad
553 3730 635 3793 bene
659 3728 832 3793 faciendum
856 3737 886 3794 et
908 3732 989 3793 bene
1012 3731 1197 3814 patiendum,
1221 3739 1366 3814 oportere

223 3839 255 3902 in
277 3839 394 3902 classes
416 3837 523 3921 dividi,
548 3855 607 3920 qua
634 3838 754 3899 ratione
783 3844 814 3900 ει
836 3835 922 3901 lesus
950 3856 1006 3919 per
1034 3840 1148 3904 etasses
1171 3840 1285 3905 divisus
1311 3849 1367 3907 est.

223 3945 306 4008 Haeo
327 3945 420 4026 igitur
442 3951 529 4022 sunt,
559 3962 638 4026 quae
668 3951 699 4006 et
724 3943 874 4007 Basilides
904 3943 1068 4031 fabulatur,
1098 3949 1150 4028 qui
1185 3948 1290 4012 docuit
1312 3965 1406 4030 pertu

223 4051 412 4134 Aegyptum,
429 4056 459 4113 ει
474 4049 512 4112 ει)
528 4049 566 4112 iis
582 4055 697 4113 tantam
718 4050 897 4132 sapientiam
923 4049 1052 4114 ednotus
1069 4052 1144 4116 tnfes
1161 4053 1275 4117 fructus
1292 4053 1367 4116 tulit.

222 4220 359 4298 σύγχυσις]
373 4219 520 4295 σύγχησιςῦ
592 4223 637 4279 36.
649 4221 711 4300 dut]
725 4225 740 4290 ἢ
754 4223 806 4278 ὕπὸ
820 4222 849 4278 Μ
859 4221 1028 4280 Bunseaius:
1048 4224 1063 4291 ἢ
1077 4222 1221 4295 Roeperue
1237 4222 1368 4278 Jacobtu·

222 4318 266 4372 ³7.
286 4316 483 4389 φελοκριθῆναι
502 4313 658 4371 Bussenius
772 4317 817 4372 38.
836 4313 1082 4392 καταλελειμμένην]
1104 4315 1367 4390 καταλελεγμένηνῦ

222 4406 380 4464 Bunaeniue
488 4409 532 4463 39.
552 4410 610 4463 dein
628 4405 866 4484 φυιεκρινηθῆναε]
887 4410 1131 4482 dmpufoxpsdiprm
1154 4407 1367 4463 CBunsenius:

223 4504 501 4574 diupuboxpwpdprns
518 4499 547 4556 Μ
662 4501 706 4557 41.
724 4501 768 4569 τὴν
786 4503 932 4573 Afyunrnr]
959 4501 1004 4556 τὸν
1029 4504 1178 4572 Περίπατεν
1202 4498 1369 4574 bernoynus
