3002 4958
627 267 831 324 hannonem.
1260 267 1304 331 69

156 437 235 498 meri
258 433 389 515 demptis
411 439 556 514 quattuor
578 433 763 516 myriadibus
785 434 969 519 stadiorum,
1002 436 1085 518 quod
1109 435 1242 500 ellicilur
1263 455 1303 499 ex

155 548 265 604 centro
287 548 393 603 terroe
418 557 518 622 usque
547 539 586 604 ad
615 541 809 623 superficiem
846 544 921 607 eius.
962 543 1011 607 'A
1043 545 1164 607 Saturni
1199 553 1301 607 autem

155 651 233 712 orbe
255 646 294 710 ad
318 655 432 711 terram
462 647 505 710 ait
534 646 708 712 distantiam
741 663 813 711 esse
843 648 1010 712 stadiorum
1032 648 1241 734 222692711,
1280 644 1297 713 a

153 755 236 818 lovis
258 762 363 818 entem
385 754 464 818 orbe
489 753 527 818 ad
550 761 663 818 terram
686 752 897 838 202770646,
929 775 945 818 a
969 755 1074 820 diariis
1095 766 1198 820 autem
1221 757 1298 821 orbe

151 861 191 926 ad
214 851 331 924 tar'ram
356 858 563 942 132118581,
595 861 703 926 asole
733 860 770 924 od
795 869 907 924 terrum
933 860 1140 947 121604454,
1170 865 1337 928 ahter-ro

151 971 239 1052 eurio
263 975 365 1034 autem
388 969 427 1032 ad
450 975 563 1034 terrum
587 967 772 1053 52688259,
801 988 817 1032 a
840 968 966 1032 Venere
998 977 1098 1032 autem
1122 970 1161 1033 ad
1184 978 1295 1035 terram

150 1074 333 1142 50815160.

238 1202 289 1268 to.
333 1203 380 1266 De
401 1202 474 1266 luna
497 1209 599 1265 eutem
624 1201 736 1264 dictum
760 1210 808 1266 est
829 1203 980 1284 superius.
1032 1191 1198 1268 Distantias
1231 1204 1294 1288 igi-

149 1318 198 1374 tur
221 1318 254 1373 et
273 1308 499 1393 profunditates
529 1307 729 1390 sphaerarum
760 1311 791 1374 in
824 1309 905 1374 hunc
939 1311 1062 1374 modum
1093 1312 1293 1376 Archimedes

148 1415 266 1500 reddit,
290 1416 379 1480 ahter
402 1423 501 1479 autem
524 1414 565 1478 de
588 1415 625 1478 iis
648 1415 839 1497 Hipparchus
857 1416 933 1480 dixit
955 1425 985 1480 el
1008 1419 1096 1483 aliter
1110 1419 1332 1500 Apolloniusso

150 1524 389 1588 mathematicus.
443 1522 539 1586 Nobis
564 1528 664 1586 autem
689 1522 803 1586 sullicil
825 1523 1010 1586 Platonicam
1038 1525 1207 1588 doctrinam
1237 1543 1292 1588 se-

147 1635 225 1696 cutis
249 1631 341 1714 dupla
365 1636 397 1694 et
418 1628 506 1710 tripla
530 1631 729 1694 erraticorum
766 1650 782 1693 a
815 1631 1004 1694 seinvicem
1035 1631 1193 1695 distantias
1225 1638 1292 1695 sta-

146 1746 246 1804 tuere.
302 1737 510 1802 Conseruntur
540 1737 621 1800 enim
656 1737 697 1799 ita
720 1735 876 1820 doctrina,
906 1755 946 1806 ex
974 1754 1033 1818 qua
1066 1755 1106 1800 ex
1136 1745 1290 1802 concentu

119 1927 123 1934 1
146 1847 302 1912 conditum
325 1848 364 1908 sit
385 1846 578 1928 universum,
602 1825 834 1907 ex'rationibus
857 1844 1090 1909 concinentibus
1119 1846 1289 1910 secundum

145 1953 202 2018 has
225 1953 394 2018 distantius.
437 1951 562 2016 Numeri
585 1957 686 2015 autem
710 1950 748 2014 ab
771 1950 958 2016 Archimede
981 1955 1123 2035 expositi
1138 1961 1169 2016 et
1193 1975 1209 2018 a
1231 1959 1327 2018 re-St

143 2061 235 2142 liquis
252 2061 291 2124 dc
314 2059 464 2124 distantiis
486 2057 627 2141 proditae
650 2057 888 2122 ohservationes
919 2059 943 2122 si
967 2077 1029 2123 non
1059 2061 1090 2122 in
1114 2063 1288 2143 concinen-

144 2167 225 2232 tibus
259 2173 364 2234 essent
395 2165 583 2247 rationibus,
614 2163 675 2229 hoc
702 2173 749 2228 est
776 2185 793 2228 a
817 2164 943 2230 Plutone
972 2167 1094 2232 statutis
1123 2167 1223 2249 duplis
1257 2177 1288 2231 et

144 2274 258 2357 triplis,
280 2281 367 2338 extra
392 2279 562 2336 concentus
586 2278 687 2334 autem
710 2279 871 2356 repertae,
902 2290 965 2335 non
996 2281 1219 2338 conservarent
1246 2274 1286 2338 il-

142 2383 202 2446 lam
227 2382 413 2464 doctrinam,
452 2399 491 2442 ex
522 2397 583 2462 qua
617 2381 795 2443 universum
820 2396 860 2442 ox
882 2387 1037 2444 concentu
1060 2381 1223 2446 conditum
1239 2383 1285 2446 sil.

142 2489 213 2554 Non
234 2490 316 2552 enim
338 2505 441 2568 neque
463 2485 610 2551 credibile
632 2505 737 2569 neque
756 2485 913 2569 possibile,
937 2505 1007 2552 esse
1033 2507 1140 2552 eorum
1164 2490 1324 2553 dislan-oo

143 2597 201 2660 tias
224 2602 256 2660 et
277 2595 471 2659 irrationales
497 2601 528 2656 et
551 2611 659 2670 curere
683 2601 836 2658 concentu
860 2595 1068 2674 congruisque
1104 2594 1284 2678 rationibus,

141 2709 274 2784 excepte
297 2701 430 2767 tortasse
456 2703 526 2764 luna
549 2699 615 2764 sola
638 2706 766 2782 propter
787 2698 928 2762 deiectus
951 2707 982 2763 et
1004 2700 1140 2764 umbram
1169 2709 1283 2778 terrae,

141 2811 182 2876 de
204 2813 291 2875 cuius
313 2809 411 2874 solius
434 2816 466 2870 ct
488 2806 581 2871 fidem
604 2806 754 2889 quispiam
785 2804 897 2869 haheat
920 2805 1097 2870 Archimedi
1132 2807 1284 2892 distantia,

139 2917 201 2982 boc
224 2925 273 2981 cst
293 2915 386 2980 lunae
409 2934 426 2978 a
449 2921 542 2978 terra.
594 2913 680 2976 Hanc
718 2913 812 2995 igitur
840 2913 955 2976 secutis
984 2913 1014 2974 in
1044 2911 1126 2976 lucili
1148 2914 1206 2974 erit
1227 2933 1284 2976 se·

139 3023 273 3088 cundum
296 3021 369 3088 illud
392 3021 580 3086 Platonicum
603 3019 701 3102 ipsum
732 3038 772 3082 cx
794 3018 887 3100 duplo
912 3027 944 3082 et
966 3020 1072 3104 triplo,
1102 3021 1180 3084 siout
1214 3031 1321 3086 sla-ot

138 3133 195 3197 luit
217 3131 319 3215 Plato,
342 3139 374 3194 et
395 3129 531 3210 reliquas
557 3127 716 3192 distantias
739 3144 869 3190 numero
894 3127 1066 3209 complecti.
1110 3127 1280 3208 Siquidem

137 3239 307 3306 secundum
330 3235 546 3302 Archimedem
576 3255 593 3300 a
616 3233 780 3318 superficie
810 3241 913 3297 terrae
936 3233 1007 3298 luna
1044 3234 1133 3298 distat
1160 3234 1282 3298 stadio-

135 3366 203 3412 rum
227 3343 391 3426 5544130,
416 3344 506 3406 lacile
530 3349 577 3407 est
599 3341 657 3404 hos
682 3358 828 3406 numeros
852 3348 1016 3424 augentem
1036 3340 1127 3422 duplo
1143 3350 1174 3405 et
1190 3341 1280 3424 triplo

136 3464 178 3518 et
195 3454 385 3536 reliquorum
416 3452 555 3535 reperire
578 3448 755 3533 distantias,
784 3457 927 3530 unquam
951 3466 1012 3511 una
1043 3456 1131 3529 parte
1161 3455 1280 3529 sumpla

137 3580 246 3628 eorum
269 3576 398 3622 numero
421 3557 607 3640 stadiorum,
638 3562 714 3637 quot
735 3556 807 3619 luna
831 3555 922 3618 distet
945 3572 962 3617 a
985 3561 1076 3626 terra,
1132 3555 1279 3638 Reliquos
1303 3557 1316 3608 ¹

135 3675 238 3732 aulem
261 3683 406 3729 numeros
429 3665 467 3728 ab
492 3661 678 3727 Archimede
707 3661 746 3724 de
770 3661 911 3725 distantia
944 3662 1142 3726 erraticorum
1171 3662 1280 3726 stella-

134 3793 201 3838 rum
225 3773 343 3855 positos
375 3790 437 3836 non
470 3773 501 3833 in
532 3771 679 3853 congruis
714 3770 883 3832 rationibus
914 3769 1005 3834 lacile
1033 3778 1080 3833 est
1112 3770 1280 3854 intellectu,

136 3882 188 3945 uhi
211 3879 427 3962 perspexeris,
450 3876 607 3961 quomodo
630 3879 711 3939 inter
733 3893 769 3938 se
791 3875 965 3940 reserentur
987 3883 1018 3941 et
1041 3877 1151 3958 quibus
1173 3881 1279 3942 nitan-

133 3989 236 4052 turin
267 3987 447 4049 rationibus.
505 3983 583 4047 illud
617 3989 718 4046 autern
747 3982 814 4046 fieri
845 3986 966 4067 nequit,
1001 3989 1031 4046 ut
1066 4001 1129 4048 non
1158 3987 1218 4049 sint
1246 3979 1315 4048 in⁶

130 4243 176 4299 ὦ.
196 4233 309 4306 oinocC
454 4244 498 4296 91.
517 4244 705 4317 αποστεμάτων
723 4243 794 4318 prC
923 4246 966 4300 94.
986 4241 1042 4298 κατ’
1063 4243 1199 4314 ἁρμονίαν
1218 4239 1240 4292 C

131 4335 174 4389 95.
193 4335 279 4407 ἆλυγα
298 4331 366 4390 dil}
474 4335 519 4390 96.
539 4333 752 4409 ἀποστίματαῦ
846 4337 870 4390 1.
888 4337 928 4408 τὰ]
946 4335 991 4397 τὰς
1009 4330 1031 4389 C
1049 4331 1079 4387 bl
1164 4335 1190 4385 2.
1210 4331 1277 4384 oino-

132 4428 242 4501 «ἄματα
261 4424 283 4481 C
373 4426 502 4499 ἀριθμῶν
520 4423 542 4482 C
559 4424 590 4482 Μ
