3056 4970
615 319 775 378 tusnuus.
946 279 949 286 ¹
1220 313 1282 378 225

140 502 189 550 me
216 489 280 564 titt
309 505 352 548 en
380 485 531 548 comuni
560 485 640 548 enim
670 485 852 565 comptcctn
879 483 1000 564 fecistis
1029 487 1171 546 mundum
1196 493 1227 547 et
1254 493 1325 548 tusc

141 602 173 657 et
201 593 317 664 Edonus
347 591 440 654 sinito
466 592 562 671 a'pc'ttu·
582 590 679 654 Edem
701 590 817 654 tedae
839 592 982 654 madum
1005 593 1102 654 donec
1124 593 1225 667 uolet,
1256 600 1288 656 tu

142 709 244 766 cutem
265 717 355 762 meae
377 699 461 780 apud
481 718 537 762 aaa.
582 697 656 762 Turn
678 697 855 779 intelligens
877 697 974 760 Edem
996 715 1031 760 sa
1049 697 1202 762 desertam
1217 717 1288 762 esse

143 808 181 870 ab
205 805 335 890 Elohim,
358 805 468 869 dolore
490 810 634 886 correpta
658 803 697 868 ad
719 805 797 868 latus
819 822 907 868 suum
930 807 1032 886 posuit
1051 823 1126 870 suus
1148 806 1206 869 sibi
1231 824 1291 869 an-

143 914 233 996 gelus
256 920 287 975 et
308 914 425 976 decore
448 913 569 976 ornavit
591 929 671 994 sese,
695 913 722 976 si
743 911 825 976 iarte
846 910 964 976 Etohim
986 914 1017 976 in
1033 913 1226 993 cupiditatem
1242 915 1289 976 sui

144 1021 274 1084 ueniens
305 1018 512 1083 descenderet
539 1020 576 1082 ad
603 1037 649 1083 se.
693 1019 750 1082 Ubi
774 1027 875 1083 auteur
900 1021 997 1082 victus
1020 1037 1037 1082 a
1059 1019 1147 1084 Bona
1170 1017 1327 1082 Etohtmes

146 1143 209 1190 non
235 1127 293 1188 iarn
317 1125 478 1189 descendit
500 1125 539 1188 ad
562 1124 677 1209 Edem,
700 1127 860 1206 imperavit
881 1126 979 1190 Edem
1002 1125 1111 1210 Baitai,
1141 1145 1220 1208 quae
1244 1134 1292 1190 est

145 1232 260 1315 Venus,
289 1231 438 1296 adulteria
463 1237 494 1294 et
518 1231 647 1300 divortia
671 1235 844 1313 nuptiarum
867 1235 1029 1298 instituere
1052 1235 1083 1296 in
1107 1233 1290 1319 hominibus,

146 1348 194 1422 ut,
226 1340 392 1420 sicutipse
415 1339 576 1419 repudiate
599 1340 639 1402 sit
661 1339 699 1402 ab
721 1339 857 1424 Etenim,
888 1343 932 1404 sic
955 1343 1044 1405 etiam
1066 1343 1190 1423 spiritus
1213 1340 1292 1404 Elo-

146 1446 225 1530 him,
254 1446 305 1526 qui
333 1452 381 1508 est
408 1448 439 1508 in
472 1447 661 1530 hominibus,
696 1446 834 1510 divortiis
867 1447 1018 1510 eiusmodi
1047 1455 1177 1512 vexetur
1199 1453 1292 1527 atque

147 1559 279 1636 angatur
303 1559 335 1615 et
357 1555 490 1633 patiatur
514 1551 632 1636 eadem,
655 1553 758 1634 qualia
782 1561 814 1617 et
835 1554 932 1618 Edem
956 1553 1115 1618 derelicta.
1166 1553 1205 1618 Et
1225 1553 1330 1622 lar-tu

146 1661 228 1741 gitur
252 1657 347 1722 Edem
370 1677 512 1741 magnam
535 1661 701 1740 potentium
726 1660 818 1724 tertie
842 1659 953 1741 angelo
975 1677 1032 1724 suo
1055 1661 1147 1744 Nuus,
1170 1668 1204 1724 ut
1221 1679 1294 1724 cm-

147 1767 237 1830 nibus
259 1766 369 1846 poenis
392 1768 498 1846 puniat
520 1767 657 1847 spiritum
681 1765 814 1850 Etenim,
844 1767 895 1847 qui
918 1774 965 1830 est
988 1767 1018 1830 in
1040 1766 1232 1842 huminibus,
1262 1773 1295 1830 ut

149 1873 363 1953 perspiritum
385 1875 529 1953 puniatur
550 1872 681 1956 Etenim,
702 1875 754 1954 qui
777 1872 915 1937 deseruit
937 1881 1045 1937 contra
1069 1875 1230 1955 pactiones
1240 1864 1294 1935 ¹in-

148 1986 195 2042 ter
217 1997 273 2043 ecs
297 1980 392 2043 iactes
415 1982 589 2061 coniugem.
633 1979 719 2044 Haec
743 1999 811 2043 cum
835 1980 910 2044 vidit
933 1988 1020 2062 pater
1042 1980 1178 2062 Elohim‚
1202 1980 1294 2044 emit-

148 2088 182 2148 ttt
203 2084 333 2169 Baruciq
355 2087 477 2150 tertium
500 2087 682 2170 angelorum
707 2105 843 2168 suorum,
868 2088 898 2150 in
922 2088 1068 2152 auxilium
1086 2089 1220 2172 spiritus,
1244 2089 1333 2170 quiue

149 2199 197 2256 est
219 2193 250 2256 ia
274 2191 458 2258 huminibus.
503 2193 619 2257 Rursus
641 2194 735 2277 igitur
756 2193 875 2259 Baruch
899 2196 1035 2258 constitit
1057 2197 1088 2258 in
1112 2195 1221 2258 mediis
1234 2213 1295 2258 an-

148 2299 226 2380 gelis
248 2299 360 2384 Edem,
390 2299 450 2364 hcc
473 2307 520 2364 est
542 2302 572 2364 in
595 2300 697 2363 medio
719 2300 863 2382 paradiso
887 2299 1059 2384 (paradisus
1080 2302 1160 2364 enirn
1181 2301 1295 2386 angeli,

150 2406 260 2488 quibus
283 2407 313 2470 in
339 2405 446 2470 mediis
470 2404 629 2488 constitit),
653 2413 684 2468 et
705 2409 894 2472 annuntiavit
915 2405 1050 2471 homini:
1079 2407 1127 2471 At
1148 2409 1230 2471 omni
1253 2409 1295 2469 tt-

147 2533 209 2595 psc
228 2515 372 2595 paradisi
392 2513 511 2576 edendo
531 2514 685 2590 nucem,
713 2513 753 2576 ub
776 2533 813 2576 eu
835 2521 951 2591 cutem,
986 2515 1069 2595 qupd
1098 2521 1146 2578 cst
1172 2533 1290 2594 copae-

147 2623 261 2684 scendo
283 2621 586 2697 bonumamicum,
608 2621 674 2684 nodi
694 2621 789 2692 ceam,
811 2619 841 2683 id
867 2619 949 2700 quod
974 2626 1021 2682 est
1038 2619 1130 2704 Naue,
1152 2619 1213 2682 hoc
1236 2627 1318 2703 est‚1

150 2728 386 2809 obsequendum
417 2745 489 2792 esse
517 2727 644 2807 reliquis
674 2727 793 2806 angelis
823 2725 965 2790 undecim
995 2724 1101 2808 Edem,
1119 2727 1297 2810 ¹passiones
1385 2728 1387 2738 '

151 2836 233 2897 enirn
256 2834 371 2898 habent
392 2835 536 2897 undecim
559 2833 617 2916 itti,
643 2833 819 2896 iniustitiam
840 2840 941 2896 autem
966 2850 1028 2898 neu
1051 2831 1181 2910 habent3
1215 2832 1298 2895 Nuus

150 2949 252 3004 autem
283 2940 457 3004 iniustitiam
489 2939 607 3023 habuit,
641 2941 774 3004 accessit
804 2941 884 3003 enim
916 2938 955 3004 ad
977 2939 1071 3003 Evam
1095 2939 1298 3025 deceptama

150 3065 223 3110 sese
247 3055 278 3110 et
299 3047 413 3110 vitiavit
435 3064 513 3130 eam,
536 3045 567 3108 id
590 3045 672 3127 quud
697 3053 744 3108 est
765 3047 919 3129 iniustum,
942 3047 1073 3110 necessit
1087 3053 1186 3108 autem
1205 3047 1321 3108 etiamn

151 3153 191 3217 ed
213 3151 311 3216 Adam
336 3151 512 3234 abususque
536 3170 575 3216 eu
600 3160 647 3216 est
669 3161 814 3233 tanquam
837 3169 955 3236 puero,
984 3152 1015 3214 id
1038 3151 1123 3232 quud
1146 3159 1178 3214 et
1198 3153 1296 3233 ipsum

151 3267 199 3325 est
225 3261 378 3324 iniustum.
434 3260 512 3324 Hinc
541 3260 626 3323 venit
650 3261 797 3322 scortatio
824 3267 855 3322 et
877 3259 1082 3322 masculorum
1106 3257 1298 3324 concubitus.

150 3367 271 3431 Exinde
305 3366 460 3432 dominata
495 3374 567 3430 sunt
596 3365 675 3430 mata
707 3367 738 3428 in
768 3365 941 3430 huminibus
965 3374 997 3429 et
1019 3366 1100 3430 huna
1123 3383 1164 3428 ex
1187 3365 1298 3429 eodem

152 3474 238 3538 iente
266 3481 333 3536 orta
360 3475 466 3555 patris.
517 3473 682 3554 Postquam
712 3473 792 3536 enim
823 3471 963 3536 ascendit
991 3473 1028 3536 ad
1056 3471 1174 3536 Bonum
1200 3480 1299 3556 pater,

152 3581 231 3644 ciam
251 3580 429 3643 monstravit
450 3581 636 3662 ascensuris,
658 3586 819 3660 postquam
843 3586 944 3644 autern
968 3579 1109 3644 discessit
1131 3579 1169 3642 ab
1193 3579 1289 3643 Edem
1309 3595 1338 3644 tc

151 3687 334 3768 principium
356 3684 505 3750 malorum
529 3686 603 3750 iecit
624 3685 752 3770 spiritui,
775 3687 827 3772 qui
851 3687 952 3749 estin
982 3686 1168 3750 hominibus.
1222 3687 1301 3751 liis-

152 3889 196 3928 om
217 3869 238 3928 C
257 3869 287 3928 Μ
324 3869 366 3927 Cf.
386 3871 457 3925 infra
477 3869 525 3926 tin.
545 3871 589 3924 72.
699 3869 743 3924 68.
763 3869 807 3922 69.
828 3866 1034 3937 βασανίζετωΰ
1143 3873 1188 3926 74.
1203 3872 1301 3944 αὐτῶν]

153 3963 225 4036 αὐτῷ
243 3959 265 4018 C
284 3961 314 4018 Μ
386 3965 431 4018 76.
452 3963 496 4016 77.
518 3961 681 4034 ἀνθρώποις.
720 3959 808 4013 Πάλιν
826 3955 921 4034 ἐλθών]
951 3959 1108 4030 ἀνθρώποις
1124 3965 1214 4017 πᾶσιν.
1247 3964 1303 4018 Ἐλ-

152 4055 213 4108 θών
231 4052 253 4109 G
272 4051 301 4109 M
414 4053 547 4109 'ts-82.
575 4049 679 4108 lMos.
697 4053 729 4114 2,
757 4051 799 4105 t7.
851 4045 907 4104 cn.
934 4067 1015 4122 supra
1042 4070 1068 4124 p.
1095 4055 1163 4119 208,
1180 4056 1212 4108 91
1242 4073 1301 4126 sqq.

153 4145 199 4201 dt.
219 4145 264 4198 τοῦ
282 4144 362 4207 ξύλου
380 4141 435 4219 τοῦ]
454 4143 499 4197 τοῦ
518 4140 554 4196 C:
581 4143 625 4195 τοῦ
641 4141 688 4194 τοῦ
704 4139 733 4194 Μ
824 4141 869 4195 92.
891 4142 925 4212 api
943 4143 1073 4214 πνεύματι
1088 4145 1122 4216 τῷ
1140 4147 1169 4196 ἓν
1185 4150 1239 4205 τοῖς
1256 4145 1303 4196 ἀν-

155 4235 288 4312 θρώποις]
308 4237 342 4308 τῷ
359 4237 489 4308 πνεύματι
506 4235 551 4288 τοῦ
568 4233 668 4305 πατρὸς
685 4233 729 4286 τοῦ
746 4235 775 4286 ἐν
791 4237 844 4293 τοῖς
863 4233 990 4303 οὐρανοῖς
1009 4231 1047 4289 C:
1077 4235 1111 4305 aqi
1133 4234 1265 4306 πνεύματι
1282 4253 1302 4288 r.

154 4349 230 4404 ncrp.
252 4329 296 4384 τοῦ
321 4333 350 4383 ἐν
373 4335 427 4390 τοῖς
454 4325 611 4398 ἀνθρώποις
635 4341 709 4395 susp.
729 4322 777 4378 M:
799 4325 834 4396 τῷ
851 4323 982 4395 πνεύματι
999 4327 1044 4380 τοῦ
1061 4343 1137 4396 πατρ.
1156 4326 1189 4396 τῷ
1205 4328 1233 4378 ἐν
1251 4329 1304 4385 τοῖς

155 4422 314 4494 ἀνθρώποις
332 4419 510 4493 Beruapsius.

978 4512 1016 4578 15
