3050 4988
599 317 847 417 ieiunantium.
1225 315 1292 386 283

144 479 276 545 maden.
326 479 407 548 Nihil
428 484 521 566 plane
543 485 644 568 novit,
665 486 822 572 inquiunt,
845 485 1041 574 demiurgus,
1062 487 1118 554 sed
1142 495 1190 554 est
1211 491 1293 556 insi·

145 585 235 670 pidua
257 595 288 653 et
301 589 410 655 stultus
428 591 599 657 seeundum
622 609 688 678 eoa,
705 600 737 656 et
754 592 838 676 quod
861 593 934 660 iacit
955 601 1008 659 aut
1020 604 1108 678 parat
1120 615 1183 660 non
1197 596 1294 662 inlel-

145 691 221 777 ligit.
272 695 430 781 lgnoranli
457 705 559 762 autern
587 699 629 763 illi
665 699 872 783 quodeunque
894 701 967 766 iaeit
999 702 1114 784 Sophia
1148 710 1332 787 operaturto

148 803 251 867 omnia
275 809 307 866 ot
327 804 425 868 rohur
446 804 536 890 indit,
564 805 679 889 illaque
710 813 862 889 operante
891 810 989 890 ipsum
1021 811 1084 874 suia
1108 811 1218 892 opihus
1239 811 1292 876 la-

146 905 259 972 hrieari
281 926 317 974 ae
338 911 482 976 mundum
507 913 648 996 opinatus
671 922 734 979 est:
769 913 852 978 unde
881 933 972 981 orsus
1003 923 1051 981 est
1073 917 1194 984 dioere:
1224 919 1293 1003 Epo

146 1035 213 1080 aona
234 1019 311 1082 deur
333 1025 577 1116 etpraeterare
599 1022 762 1086 alternos
783 1030 840 1086 eat

237 1140 289 1208 34.
335 1142 390 1207 Est
411 1145 505 1230 igitur
527 1145 695 1210 seeundum
718 1145 911 1210 Valentinum
934 1151 1078 1229 tetraotys
1105 1144 1178 1226 [orta
1207 1165 1293 1210 rem-

144 1249 290 1330 pilemoe
310 1259 442 1314 nomae
462 1255 588 1317 radices
608 1252 735 1330 meaa,
759 1261 791 1318 et
812 1253 936 1337 Sophia,
959 1252 1042 1317 unde
1065 1254 1203 1319 conditio
1220 1255 1332 1318 ani-ot

148 1355 234 1420 malis
265 1365 296 1420 et
323 1359 488 1423 materialis
516 1362 665 1425 consistit.
718 1360 855 1425 Vocatur
884 1367 985 1424 autern
1013 1359 1128 1442 Sophia
1156 1345 1292 1442 spiritua,

148 1461 331 1548 demiurgus
354 1471 455 1529 autern
478 1469 596 1546 animo,
620 1467 761 1531 diaholus
785 1474 886 1532 autern
909 1489 970 1531 ree
990 1468 1104 1547 maadi,
1127 1467 1293 1532 Beelzehul

149 1575 252 1634 aulem
282 1573 471 1639 doemonum
524 1574 608 1639 llaee
638 1583 710 1640 aunt
741 1591 820 1658 quae
843 1575 957 1640 dieunt.
1001 1575 1168 1639 Praeterea
1191 1581 1293 1639 autern

148 1676 368 1767 arithmeticam
391 1678 542 1744 iacientes
564 1698 651 1746 suam
675 1681 860 1765 doctrinam,
883 1688 917 1745 ut
939 1688 1028 1744 antea
1052 1681 1131 1766 dixi,
1156 1689 1294 1747 statuunt

147 1802 214 1863 eos,
238 1786 377 1868 quisunt
396 1787 427 1850 in
451 1787 630 1873 pleromate,
653 1806 770 1854 aeones
790 1789 915 1870 triginta
936 1805 1043 1853 rursus
1067 1790 1193 1870 insuper
1214 1803 1313 1872 pro-t

147 1892 260 1955 iecisse
296 1891 354 1956 sihi
386 1911 427 1957 ex
450 1893 559 1958 eadem
583 1897 703 1960 ratione
727 1911 844 1959 aeones
867 1894 961 1979 alios,
990 1903 1023 1958 ut
1049 1903 1132 1960 esset
1154 1895 1293 1977 pleroma

150 2016 278 2062 numero
310 2001 449 2082 perlecto
481 2010 634 2066 eoactum.
690 2003 729 2066 Ut
758 2003 839 2065 enirn
861 2001 1048 2084 Pythagorei
1072 2000 1241 2066 diviserunt
1261 2004 1293 2066 in

150 2105 309 2170 duodecim
338 2114 369 2170 et
398 2109 522 2193 triginta
545 2115 577 2172 et
599 2109 782 2198 sexaginta:
814 2110 862 2175 aio
883 2107 915 2172 hi
938 2089 1018 2192 quae
1037 2117 1108 2176 aunt
1129 2113 1160 2174 in
1183 2111 1292 2193 plero-

149 2218 230 2278 mate
248 2212 456 2279 subdividunt.
502 2215 662 2282 Suhdirisa
685 2224 786 2280 autem
809 2223 882 2280 aunt
905 2217 995 2280 etiam
1009 2235 1058 2302 ea,
1079 2235 1159 2300 quae
1178 2219 1317 2281 suntint

150 2319 313 2404 ogdoade,
348 2329 380 2385 et
401 2325 597 2404 proiecerunt
621 2321 751 2407 Sophia,
774 2340 854 2404 quae
877 2329 926 2386 est
947 2331 1042 2387 mater
1066 2325 1198 2388 omnium
1222 2325 1293 2388 ani-

150 2429 293 2492 mantium
310 2429 480 2494 seeundum
497 2449 563 2516 eos,
587 2437 619 2494 et
641 2429 816 2494 Communis
838 2428 1157 2511 pleromatia.lruotua
1180 2427 1222 2493 70
1240 2428 1293 2492 Ιο-

150 2553 229 2620 goa,
262 2538 313 2618 qui
335 2545 406 2603 sunt
429 2537 532 2622 angeli
554 2539 720 2619 caelestes,
742 2534 913 2600 incolentes
935 2535 966 2598 in
990 2534 1190 2618 Hierusalem,
1213 2553 1294 2617 quaa

148 2657 241 2724 supra
264 2649 311 2706 ast
333 2651 366 2708 et
385 2645 416 2708 in
439 2643 544 2709 caelia.
588 2644 673 2708 llaee
696 2643 777 2705 enim
799 2640 990 2708 llierusalem
1008 2649 1057 2704 est
1073 2639 1197 2723 Sophia,
1211 2656 1292 2722 quae

151 2756 238 2812 extra
256 2756 312 2833 ast,
335 2757 365 2814 et
379 2768 512 2832 sponsus
530 2751 596 2830 eius
619 2749 796 2814 communis
818 2747 998 2829 pleromatis
1020 2745 1147 2812 iruotus.
1181 2747 1330 2812 Prole-to

151 2855 192 2918 eit
219 2857 309 2919 etiam
344 2853 523 2941 demiurgus
559 2859 691 2935 animaa3
727 2854 806 2918 haee
837 2854 918 2918 enim
954 2855 1089 2917 essentia
1117 2853 1292 2918 animarum.

150 2960 205 3024 llio
228 2967 276 3025 eal
297 2961 467 3026 secundom
490 2979 548 3026 oos
570 2959 723 3026 Ahraham
746 2970 777 3027 et
799 2958 942 3025 Ahrahae
964 2957 1044 3024 haeo
1064 2959 1203 3024 auholes.
1246 2960 1293 3024 Ex

149 3067 300 3132 materiali
328 3069 422 3153 ig'tur
449 3069 585 3133 essentia
607 3076 639 3133 et
661 3067 810 3132 diaholioa
833 3067 909 3132 leeit
930 3066 1108 3150 demiurgus
1133 3066 1292 3131 animabus

151 3192 292 3257 corpora.
337 3175 404 3240 lloo
426 3183 473 3240 est
495 3173 569 3239 illud
592 3175 719 3239 dietum:
743 3174 784 3238 Et
803 3173 952 3255 foranooit
973 3175 1046 3238 daur
1060 3155 1293 3238 homiaemlirno

19 3305 23 3312 ·
150 3281 188 3344 de
209 3290 294 3345 terro
315 3289 453 3364 sumpto,
475 3291 505 3345 et
527 3282 692 3364 inspiravit
712 3283 746 3344 ia
765 3280 880 3362 [omem
902 3282 968 3344 eiua
989 3281 1177 3363 wamiam
1198 3281 1332 3361 vitame

150 3397 182 3451 et
199 3388 304 3467 [oetas
325 3397 374 3452 ert
393 3388 483 3456 hoow
503 3389 537 3451 in
559 3389 693 3450 animum
713 3389 874 3451 sinentem.
918 3385 974 3450 llio
992 3394 1041 3451 eat
1053 3386 1222 3451 seeundum
1237 3405 1294 3453 eos

150 3495 281 3558 imerior
301 3496 401 3574 horno,
425 3495 572 3577 animalia,
595 3495 627 3557 in
649 3511 783 3575 corpore
805 3492 945 3556 habitans
959 3494 1116 3578 materiali,
1139 3492 1224 3575 quod
1248 3501 1295 3558 ost

149 3603 330 3686 mamerto,
354 3601 504 3687 oadueua,
526 3599 733 3682 imperfectus,
756 3617 775 3664 e
797 3597 950 3664 diaholioa
976 3601 1111 3664 essentia
1133 3599 1292 3665 formatus.

150 3707 206 3771 liat
229 3715 330 3771 autern
353 3708 402 3772 hio
431 3709 602 3771 maeatas
623 3707 712 3770 homo
735 3703 905 3770 seeundum
928 3723 985 3769 eos
1008 3712 1151 3788 tanquam
1176 3704 1294 3771 darer-

151 3815 268 3879 sorium
294 3815 343 3877 vel
372 3812 577 3878 hahitaoulum
601 3811 694 3878 modo
717 3812 837 3875 animae
859 3811 973 3894 solius,
1002 3811 1096 3876 modo
1119 3813 1241 3876 animae
1264 3819 1333 3876 etto

152 4083 196 4122 om
216 4063 251 4122 C:
275 4067 466 4140 προβεβηκέναι
483 4063 515 4121 Μ
551 4121 555 4127 ,
640 4065 686 4123 35.
704 4066 938 4139 ἐπιπροβιβηκέναι
956 4059 978 4120 G
995 4060 1027 4119 hh
1150 4065 1195 4120 38.
1216 4061 1294 4130 Quae

150 4159 229 4214 onais
248 4157 423 4223 inclusimus,
442 4158 470 4212 in
489 4155 589 4230 quibua
609 4165 673 4229 post
690 4157 800 4219 ἐκείνως
819 4156 953 4212 exciderit
970 4153 1021 4221 air,
1040 4155 1189 4226 emargiua
1200 4155 1295 4227 irrep-

149 4258 247 4305 serunt
360 4251 405 4305 40.
423 4247 617 4322 apamiam
633 4241 664 4302 hl
752 4249 797 4304 41.
816 4245 930 4323 donor]
949 4247 1026 4319 ζῴων
1041 4248 1093 4302 mir
1111 4243 1180 4301 cll
1248 4248 1294 4301 42

146 4342 169 4397 'o'
185 4337 293 4418 λόγους]
313 4339 425 4412 Ηόγος
443 4336 466 4396 C
482 4337 513 4396 ll
602 4339 648 4394 45.
664 4337 766 4409 κοινὸς]
783 4338 913 4401 κοινωνὸς
930 4334 995 4394 cll
1101 4337 1146 4392 47.
1162 4333 1296 4412 Ἅρρὰμῦ

150 4431 269 4491 to-oa
289 4433 303 4489 l
322 4429 395 4490 Uos.
413 4432 441 4498 2.
458 4431 486 4488 t.
600 4429 648 4487 tl.
664 4427 766 4508 λαρόν]
785 4446 830 4485 ora
851 4429 864 4486 l
883 4427 956 4486 hiat.
974 4429 1002 4495 2,
1020 4427 1049 4486 7.
1250 4439 1255 4446 “
