3050 4988
10 186 125 346 s
247 257 333 372 Ι348
378 305 618 394 (μοστ-τεο.)
703 313 799 372 unna
822 313 877 387 vn,
903 316 1038 374 13-16.
1162 279 1166 294 ’

231 489 261 539 ευ
269 475 400 564 ἠπάτων
421 477 493 553 τους
514 478 777 566 παραπλέοντας,
814 482 989 544 πείθουσαι
1011 476 1103 565 ἡδείᾳ
1124 479 1219 569 φανῇ
1238 472 1420 563 προσάγειν
1463 555 1473 569 ·

269 585 340 660 τούς
362 585 594 671 ολκροωμένους.
640 591 742 652 Τοῦτο
772 587 924 670 μαθόντα
952 590 1034 673 φασὶ
1061 587 1115 651 τδν
1134 584 1291 651 Ὀδυσσέα
1312 609 1418 649 κατα-

269 695 408 777 κηριῦσαι
430 693 486 770 τάς
508 691 609 770 α’κοιλς
629 697 692 758 τῶν
712 693 846 780 ἑταίρων
851 743 863 772 ,
896 693 1010 760 ἑαυτόν
1032 693 1069 759 δὲ
1088 696 1133 780 τῷ
1154 693 1240 782 ξύλητ
1269 691 1417 778 προσδή-
1514 751 1515 768 ,

269 817 369 866 σαντα
390 803 617 889 παραπλεῦσαι
640 801 821 878 άκινδύνοις
841 802 896 878 τάς
918 805 1072 888 Σειρῆνας
1092 802 1333 867 κατακούσαντα
1359 805 1418 884 τῆς
1514 779 1515 836 λ

267 907 386 973 τούτων
408 907 502 998 ρίδῆς.
537 911 577 974 Ὃ
599 913 731 996 ποιῆσαι
762 919 826 985 τοϊς
853 909 1095 991 ἐντυγχάνουσιν
1120 909 1281 996 συμβουλὴ
1312 908 1414 996 [έμη’],

230 1020 323 1080 υυκαλ
353 1019 374 1102 ἢ
400 1021 439 1080 τό
469 1015 534 1081 εἶτα
562 1015 846 1104 κατακηρύσαντας
876 1015 920 1084 δι’
947 1015 1124 1082 α’σθένειαν
1152 1016 1345 1082 διαπλεῦσαι
1372 1017 1416 1081 τά

220 1107 223 1114 ¹
267 1127 330 1190 αῦν
363 1123 531 1212 αλρέξσεων
559 1125 703 1209 δόγματα
734 1124 815 1211 μηδὲ
838 1125 1094 1201 κατακαύσαντας
1115 1127 1244 1190 πείθειν
1270 1124 1415 1202 εδκόλως

269 1231 435 1315 δυνάμενα
457 1240 538 1319 πρὸς
559 1231 695 1320 η’δονήν,
719 1231 762 1310 ὥς
784 1232 913 1321 λιγυρὸν
936 1231 1025 1318 ᾆσμα
1046 1233 1220 1320 Σειρήνων,
1249 1236 1271 1320 ἢ
1297 1233 1415 1300 ἑαυτὸν

268 1343 311 1426 τῷ
333 1339 420 1427 ξύλῳ
451 1344 590 1426 Χριστοῦ
622 1339 846 1427 προσδήσαντα
874 1345 989 1416 πιστῶς
1020 1339 1262 1406 κατακούσαυτα
1289 1341 1332 1427 μη
1353 1365 1415 1406 τα-

267 1453 449 1535 ραχθῆναι,
484 1449 668 1514 πεποιθότα
692 1443 719 1537 ηί
739 1451 1004 1536 προσέσεμιγκται,
1033 1453 1089 1513 καλ
1108 1447 1269 1535 έστηκέναι
1290 1447 1413 1535 ὀρθῶς.

229 1588 258 1637 ου
356 1578 405 1642 14.
447 1575 570 1663 Ἐπειδὴ
593 1574 652 1642 οῦν
672 1577 709 1642 έν
731 1587 800 1652 ταῖς
825 1577 889 1664 πρό
920 1576 1032 1664 ταύτης
1059 1576 1182 1662 βίβλοις
1208 1579 1244 1654 ἓξ
1269 1577 1413 1642 ἐκτεθεί-

264 1687 355 1768 μεθα
377 1683 416 1748 τά
438 1685 593 1772 πρότερα,
617 1682 707 1750 δοκεῖ
726 1688 787 1749 νῦν
810 1685 849 1748 τά
871 1683 1064 1748 Βασιλείδου
1088 1685 1132 1771 μη
1154 1687 1298 1766 σιωπᾷν,
1333 1685 1413 1748 ὄντα

261 1789 492 1879 Ἀριστοτέλους
523 1797 578 1856 τοῦ
610 1795 808 1877 Σταγειρίτου
836 1791 993 1876 δόγματα,
1023 1790 1063 1857 ού
1089 1794 1238 1881 Χριστοῦ.
1276 1789 1361 1858 Ἀλλ’
1380 1793 1414 1857 ελ

266 1905 320 1963 καὶ
340 1898 494 1988 πρότερον
516 1899 648 1965 ἔκκειται
670 1899 708 1966 τά
727 1899 929 1988 Ἀριστοτέλει
945 1899 1117 1980 δοκοῦντα,
1141 1898 1217 1966 οῦδὲ
1235 1902 1296 1965 νῦν
1313 1899 1413 1988 δκνη-

264 2021 362 2088 σομεν
383 2010 638 2092 προῦποθέσθαι
660 2007 696 2073 όν
719 2007 861 2097 συντόμῳ
866 2057 880 2087 ,
909 2009 990 2095 πρός
1011 2009 1045 2074 τδ
1066 2010 1138 2085 τοῦς
1164 2008 1412 2091 ἐντυγχάνοντας

229 2110 323 2176 υυδιοὶ
351 2117 405 2198 τῆς
436 2113 555 2178 τούτων
585 2115 690 2195 ἔγγιον
720 2115 1005 2204 ἀντιπαραθέσεως
1037 2115 1177 2182 συνιδεῖν
1203 2115 1342 2195 εῦκόλως
1368 2119 1410 2182 τά

265 2217 329 2285 ύπδ
354 2220 545 2287 Βασιλείδου
568 2225 645 2289 ὄντα
663 2221 897 2311 Ἀριστοτελικά
920 2222 1164 2310 σοφιστεῦματα.

355 2350 404 2417 15.
445 2349 664 2439 Ἀριστοτέλης
684 2353 745 2437 μὲν
768 2348 827 2416 οῦν
847 2352 903 2436 την
923 2349 1037 2416 οδσίαν
1059 2349 1178 2438 διαιρεΐ
1188 2355 1309 2438 τριχιῦς.
1325 2353 1410 2419 ’Ἐστι

263 2459 325 2544 γάρ
348 2457 444 2545 αὐτῆς
464 2457 499 2522 τὸ
521 2461 582 2545 μέν
603 2482 631 2524 τι
653 2461 782 2540 γένος,
801 2459 836 2523 τδ
859 2457 897 2523 δέ
917 2483 945 2522 τι
966 2457 1093 2537 είδος,
1115 2457 1159 2535 ὥς
1177 2460 1298 2536 ἐκεῖνος
1313 2460 1407 2542 λέγει,

263 2564 298 2630 τῦ
315 2565 354 2630 δέ
373 2591 401 2630 τι
418 2567 580 2650 ἄτομον·
604 2565 758 2650 ἄτομον
773 2566 809 2630 δὲ
823 2563 862 2630 οῦ
877 2564 932 2631 διδ
949 2566 1136 2653 σμικρότητα
1149 2567 1302 2651 στόματος,
1320 2565 1407 2635 ἄλλά

225 2672 358 2760 σοφύσει
379 2674 477 2760 τομην
498 2671 725 2751 ἀναδέξασθαι
746 2671 822 2760 μηδ’
841 2673 952 2759 ἧνπνα
974 2671 1032 2738 οῦν
1056 2673 1245 2759 δυνάμενον.
1302 2675 1348 2741 Τό
1371 2675 1409 2742 δὲ

262 2785 353 2862 γένος
375 2781 458 2846 ἐστὶν
479 2781 577 2846 οὶονεὶ
599 2781 700 2869 σωρός
719 2804 766 2856 τις
785 2781 821 2845 ἐκ
842 2779 974 2846 πολλῶν
1000 2785 1055 2845 καλ
1077 2780 1248 2870 διαφόρων
1269 2807 1408 2869 καταγιε-

261 2891 412 2973 μιγμένος
433 2886 639 2976 σπερμάτων,
672 2886 731 2974 αφ’
753 2883 794 2953 ού
813 2891 925 2969 γένους
950 2885 1049 2954 οἱονεί
1070 2912 1153 2966 τινος
1174 2895 1279 2979 σωροῦ
1299 2893 1408 2958 πάντα

262 2996 302 3061 τδ
323 3001 386 3063 τῦν
406 2997 580 3078 γεγονότων
600 2997 669 3082 εἴδη
692 2995 875 3063 διάκεινται.
920 3002 984 3062 Καὶ
1005 2999 1068 3063 ἔστι
1096 3000 1130 3064 τό
1153 3001 1244 3080 γένος
1274 3002 1407 3088 [αἲττ]ον

263 3107 344 3169 πᾶσι
363 3115 427 3181 τοϊς
447 3108 662 3190 γεγενημένοις
683 3102 815 3190 α’ρκοῦν.
865 3104 932 3186 ’ίνα
961 3104 999 3168 δὲ
1026 3109 1128 3192 σαφὲς
1150 3108 1237 3172 ἔσται
1257 3107 1291 3172 τδ
1314 3109 1407 3189 λεγό-

225 3233 377 3296 υυμενον,
401 3211 494 3289 δείξω
516 3211 573 3277 διά
595 3234 649 3277 του
670 3211 942 3298 παραδείγματος,
973 3211 1015 3278 δι’
1034 3210 1075 3279 οῦ
1094 3213 1149 3280 ἐπὶ
1168 3213 1224 3301 τὴν
1253 3215 1330 3303 όλην
1349 3220 1407 3282 τοῦ

265 3317 448 3405 Περιπάτου
470 3321 615 3404 θεωρίαν
636 3316 838 3407 ἀναδραμεῖν
861 3319 958 3384 ἔσται.

353 3450 403 3516 16.
447 3451 594 3533 Λέγυμεν
614 3447 696 3512 είνατ
719 3446 801 3536 ζῷον
830 3445 956 3523 ἁπλοῦς,
986 3443 1058 3528 οὐχὶ
1087 3446 1228 3535 τίζῷον.
1264 3447 1346 3512 Ἐστι
1367 3447 1405 3512 δὲ

262 3559 352 3622 τοῦτο
374 3556 408 3621 τδ
431 3556 512 3645 ζηῦον
534 3553 573 3622 οῦ
595 3559 689 3639 βοῦς,
712 3555 771 3638 οὐχ
794 3560 911 3634 ἵππος,
941 3553 1000 3620 οῦκ
1022 3554 1220 3641 ἄνθρωπος,
1250 3553 1289 3620 οῦ
1316 3557 1405 3635 θεός,

265 3665 325 3729 ούκ
348 3663 429 3729 ἄλλο
458 3687 486 3728 τε
507 3667 570 3728 τῶν
601 3661 766 3749 ὁτιδήποτε
795 3663 858 3728 ε”στι
887 3661 1022 3748 δηλοῦν,
1055 3661 1141 3726 άλλά
1173 3661 1286 3739 ἁπλοῦς
1316 3662 1406 3750 ζῷον.

225 3770 347 3837 δυἈπδ
369 3772 479 3836 τούτου
500 3777 556 3836 τοῦ
578 3771 658 3858 ζηίου
681 3770 716 3836 αλ
738 3772 867 3836 πάντων
890 3773 953 3834 τῶν
973 3770 1055 3835 κατά
1074 3770 1079 3860 Ι
1097 3772 1195 3856 μέρος
1215 3769 1305 3858 ζρίων
1320 3770 1406 3836 λδέαι

262 3881 318 3965 τὴν
339 3877 515 3944 ὑπόστασιν
536 3879 651 3961 ἔχουσι.
697 3885 760 3944 Καὶ
781 3879 864 3945 ἔστιν
883 3876 1055 3954 ὑπόστασις
1075 3888 1140 3954 τοῖς
1162 3877 1252 3966 ζρίοις
1272 3889 1337 3954 τοϊς
1354 3888 1405 3959 γί-

335 4097 380 4152 35.
400 4093 485 4172 ἡδείᾳ]
504 4096 560 4169 ίδίμ
579 4094 601 4151 C
619 4093 648 4151 Μ
763 4097 808 4151 39.
838 4097 887 4169 4μὴ
906 4095 992 4152 omC
1107 4096 1152 4152 41.
1180 4095 1258 4170 μηδὲ]
1281 4095 1319 4170 μὴ
1336 4093 1405 4152 &G

262 4192 307 4246 44.
330 4192 522 4264 προσεσφίγγει
548 4185 570 4242 C
692 4189 825 4256 ίστηκέναι
848 4186 1011 4262 Βοερετοεε
1042 4187 1146 4258 ἔστηκεν
1170 4185 1192 4244 C
1215 4186 1246 4242 M
1359 4189 1404 4244 45.

260 4277 458 4354 προταύταιςῦ
572 4280 617 4334 46.
637 4279 711 4350 ὄντα]
731 4279 761 4334 τὰ
785 4278 855 4336 CM
969 4283 1014 4337 50.
1037 4283 1136 4338 τούτων
1161 4279 1264 4355 ἔγγιον]
1287 4280 1339 4335 τιῦν
1361 4283 1406 4352 λγ-

260 4365 543 4445 γιονιόνῦΜ,ηυί
563 4373 708 4444 κοσμοῦν
725 4371 882 4445 ἐγγιζόντων
962 4373 1006 4428 55.
1026 4373 1117 4447 τομὴν]
1139 4372 1166 4427 τῦ
1183 4369 1277 4448 μηνῦ
1359 4371 1405 4428 56.

10 4483 12 4579 η
229 4462 393 4523 ὀίυνείίὶ
510 4465 554 4520 57.
574 4459 704 4518 οίωνείῦ
819 4464 863 4521 58.
888 4463 1239 4538 δίάκεινται1διακέκριται9
1262 4460 1407 4537 Βοεηετοε
