3006 4976
621 300 748 362 uiolet.
1128 333 1132 340 ·
1211 297 1254 363 95

31 459 40 480 “
105 461 187 526 tirus.
233 463 476 530 moerentem
498 467 617 530 moneri
641 467 713 532 lacit
734 470 894 552 supposito
916 475 1002 532 secto
1025 469 1167 555 alumine,
1191 488 1254 552 quo

108 571 214 634 soluto
238 577 270 634 ct
291 573 388 635 instar
409 571 560 636 bullarum
582 573 750 638 ebulliente
771 581 934 638 moventur
955 593 1083 656 prunae.

195 677 250 741 tu.
296 676 360 741 Ova
384 685 486 742 autem
509 678 629 746 diversa
653 687 809 744 ostentant
831 680 956 744 inhon‘c
972 683 1104 747 modum.
1150 683 1254 747 Cacu-

109 801 180 846 men
204 783 369 864 perforans
393 785 430 848 ab
460 792 591 868 utreque
613 795 702 868 parte
730 795 762 852 et
791 787 890 852 album
919 788 1117 874 subducens,
1146 807 1261 878 rursus!

109 891 299 973 immergens
335 892 451 954 inlicito
479 892 567 957 alteri
596 893 696 978 minii,
731 893 819 956 alteri
851 903 952 958 autem
984 897 1137 976 scriptorii
1169 903 1293 962 atra-to

112 997 217 1060 menti.
261 995 413 1060 obserato
437 1005 538 1062 autem
560 999 709 1064 toramine
731 1008 871 1066 ramento
893 1017 1022 1065 ovorum
1044 1002 1170 1087 minuto,
1194 1021 1255 1087 ope

110 1103 178 1166 suoi
200 1102 276 1166 licus
297 1102 446 1167 adlinens.

197 1208 251 1273 30.
296 1211 319 1273 li
343 1218 443 1274 eutem
469 1212 520 1294 qui
546 1229 622 1275 oves
644 1213 702 1276 sibi
725 1221 882 1295 amputare
904 1217 1003 1297 capita
1040 1215 1154 1280 iaciunt
1180 1219 1255 1297 ipso,

113 1313 172 1377 bac
195 1317 318 1378 ratione
341 1323 475 1379 utuntur.
521 1316 699 1381 Clanculum
722 1321 860 1382 caustico
884 1319 1108 1384 medicamento
1133 1321 1255 1385 illinens

113 1429 223 1506 guttur
235 1421 381 1504 relinquit
397 1425 565 1505 oppositum
581 1423 732 1506 gladium;
754 1419 805 1488 ilia
828 1435 928 1490 autem
946 1427 1048 1491 fricari
1064 1430 1192 1510 cupiens
1209 1429 1255 1491 ir·
1264 1445 1293 1496 tt

112 1547 209 1592 ruerus
230 1531 261 1592 in
284 1529 417 1614 gladium
442 1530 573 1594 terendo
596 1533 749 1614 iugulatur
771 1538 803 1595 et
825 1551 931 1615 parum
962 1534 1049 1596 abest
1071 1536 1144 1616 quin
1165 1543 1258 1616 caput

116 1635 286 1701 abscindat.
329 1637 384 1700 list
405 1645 504 1701 autem
529 1638 783 1704 medicamentum
806 1639 935 1723 bryonia
951 1649 983 1704 et
999 1640 1111 1704 adarca
1127 1648 1157 1704 et
1172 1643 1256 1707 scilla

116 1748 226 1826 aequis
248 1745 385 1827 partibus
408 1747 532 1809 mixtae.
578 1745 616 1809 Ut
632 1755 731 1810 nutem
753 1746 850 1811 lateat
872 1765 940 1811 cum
964 1748 1024 1811 lert
1044 1748 1257 1812 medicamen-

114 1858 195 1936 tum,
224 1851 284 1915 lert
315 1853 459 1934 pyxidem
483 1853 634 1934 duplicem
663 1871 826 1939 corneam,
864 1856 949 1919 cuius
983 1858 1149 1937 conspicua
1186 1873 1256 1938 pers

116 1957 209 2021 babet
231 1958 313 2043 thus,
337 1960 468 2022 obscura
492 1966 593 2024 autem
616 1959 879 2025 medicamentum.
934 1961 996 2025 Sed
1020 1964 1111 2027 etium
1134 1963 1296 2028 auribusm

117 2069 284 2130 moriturae
303 2068 399 2130 inlicit
422 2067 662 2151 hydrargyrum
695 2075 743 2131 est
766 2077 866 2132 autem
902 2069 1089 2134 mortiterum
1119 2070 1257 2133 medica-

118 2181 263 2236 mentum.

203 2277 255 2345 31.
302 2280 466 2362 Capuanum
486 2289 586 2345 autem
609 2281 661 2344 ubi
684 2283 751 2362 quis
774 2283 926 2345 obturavit
948 2289 1053 2346 cerato
1077 2298 1183 2367 aures,
1209 2281 1259 2345 di·

118 2395 190 2450 cunt
213 2387 314 2469 paullo
337 2393 407 2468 post
426 2389 522 2472 mori,
558 2390 701 2470 quoniam
726 2389 862 2470 spiritum
893 2388 1008 2451 ducere
1029 2389 1258 2470 prohibeantur.

119 2493 205 2556 Viam
230 2494 311 2557 enim
327 2494 406 2558 banc
420 2495 457 2578 iis
477 2512 548 2558 esse
567 2494 671 2558 dicunt
689 2495 822 2558 ducendi
838 2514 895 2577 per
912 2498 1147 2577 respirationem
1165 2497 1257 2578 spiri·
1268 2511 1298 2560 ee

118 2607 175 2664 tus.
222 2601 360 2665 Arietem
384 2608 485 2666 eutem
508 2604 585 2666 mori
610 2602 728 2686 dicunt,
751 2605 777 2667 si
800 2604 868 2684 quia
891 2603 1083 2666 exadversus
1104 2601 1262 2666 reflexerit

117 2709 224 2771 solem.
270 2699 399 2772 Domu'un
426 2717 527 2772 autem
549 2708 667 2772 iaciunt
689 2709 882 2792 conflagrare
905 2709 1061 2772 cuiusdam
1094 2719 1136 2769 ex
1164 2708 1261 2770 mari·

120 2816 167 2878 nis
191 2832 267 2878 suco
290 2816 411 2899 illitam,
435 2817 486 2896 qui
508 2817 602 2897 piscis
625 2823 755 2879 vocatur
777 2815 926 2898 dactylus.
982 2815 1147 2877 Praetereo
1177 2819 1208 2876 et
1230 2811 1261 2874 id

121 2921 203 3002 qnod
227 2920 259 2984 lit
281 2940 338 3003 per
360 2939 469 3003 aquam
493 2923 640 2985 marinam
665 2930 713 2985 est
737 2921 829 2985 valde
844 2921 929 2986 utile.
973 2921 1026 2984 liet
1040 2927 1139 2984 autem
1155 2935 1261 2999 spuma

121 3027 266 3089 marisia
291 3033 427 3092 testacea
452 3028 512 3092 olla
536 3047 603 3091 cum
627 3028 767 3091 dulcibus
790 3033 895 3113 cocta,
920 3029 970 3092 cui
993 3027 1124 3090 lementi
1144 3024 1299 3090 obilu-ao

121 3141 192 3196 men
216 3133 395 3197 admovebis
418 3135 591 3218 incensum,
624 3143 748 3218 arrepto
781 3137 845 3219 igni
867 3135 1041 3199 incenditur
1070 3141 1102 3196 et
1130 3132 1262 3196 inlusum

121 3241 211 3322 capiti
235 3257 363 3322 prorsus
388 3259 449 3306 non
473 3241 633 3307 comburit.
685 3244 737 3308 Sin
760 3259 836 3306 vero
861 3244 949 3305 ctiam
975 3291 982 3306 .
1008 3291 1015 3306 .
1039 3290 1046 3304 .
1070 3289 1077 3305 .
1101 3240 1264 3322 insperges

120 3346 271 3430 ferventi,
294 3347 389 3411 multo
413 3351 511 3433 magis
533 3351 718 3414 incenditur.
762 3349 888 3414 Rectius
910 3355 1011 3412 antem
1035 3349 1107 3432 erit,
1139 3347 1165 3409 si
1196 3345 1265 3428 quis

120 3455 211 3516 etiarn
237 3453 362 3517 sulfuris
384 3455 496 3538 aliquid
521 3462 662 3520 assumet
704 3479 707 3488 ¹

208 3557 260 3621 32.
305 3558 431 3622 l'onitru
454 3559 485 3622 lit
507 3559 644 3640 pluribus
668 3557 777 3622 modis.
827 3557 902 3620 Nam
927 3563 959 3619 et
979 3553 1099 3637 lapides
1123 3551 1299 3634 complu-³⁶

120 3681 173 3727 res
196 3671 229 3726 et
251 3665 384 3728 maiores
406 3665 592 3747 praecipites
614 3664 727 3728 deiecti
748 3682 805 3746 per
827 3663 947 3726 tabulas
979 3662 1100 3744 ligneas
1127 3658 1265 3724 incidunt

121 3769 199 3832 inire
222 3771 253 3832 in
277 3778 392 3834 aeneas
412 3771 540 3835 laminas
563 3777 595 3834 ct
627 3761 743 3835 tonitru
771 3769 899 3834 similem
931 3767 1067 3832 eliciunt
1096 3766 1264 3847 strepitum.

121 4048 196 4116 Quid
214 4047 305 4121 μαννῇ
322 4047 375 4102 eibi
393 4049 460 4104 velit
484 4049 591 4120 ignoro.
634 4046 765 4104 Fortasse
788 4049 931 4105 meiueoea
956 4046 1090 4120 quaedem
1115 4045 1265 4102 subeuntia

120 4141 299 4212 intelligitur,
326 4157 409 4213 quum
435 4161 534 4196 masa
555 4141 628 4213 apud
652 4139 772 4196 Plinium
790 4141 931 4212 proprium
958 4137 1121 4195 vocobulum
1147 4137 1184 4192 eit
1210 4153 1265 4208 quo

121 4233 296 4306 appellantur
313 4232 495 4303 granatburis
516 4242 545 4288 ct
562 4233 675 4288 aliarum
694 4235 846 4287 resinarum
863 4230 894 4288 M
964 4226 1085 4294 tiomC
1156 4229 1200 4284 4³.
1219 4229 1265 4282 44.

119 4345 143 4380 m
158 4324 309 4397 προσλάβω
325 4323 360 4380 Α.
379 4323 548 4380 Meiuelriutc
568 4326 638 4387 nude
654 4325 732 4395 λάβοι
750 4322 814 4380 cll
886 4324 930 4379 47.
950 4322 1088 4394 dicium
1105 4317 1128 4374 C
1199 4319 1267 4372 ἀπο·

118 4417 239 4472 ubine?
256 4413 287 4470 ll
716 4449 718 4456 ·
