3056 4970
215 257 278 323 216
323 253 563 340 (ματ-τεο.)
635 256 731 314 ιιοτε
747 257 780 330 v,
802 260 940 317 οο-οε.

217 428 253 493 δὲ
275 425 592 512 παραπεποιημένοις
612 421 747 506 βιβλίοις
768 425 850 489 κατά
871 447 900 490 τι
922 428 1183 512 παρομφαίνονσι
1197 433 1267 502 ιαίς
1279 445 1365 511 προ-

216 538 396 622 ειρημέναις
417 531 583 617 αἱρέσεσιν.
629 528 671 596 Οί
692 532 808 608 πάντες
828 533 890 620 γὰρ
909 530 958 598 ἐνί
977 533 1134 617 ταεόματε
1155 533 1367 616 συνωθούμε-

112 714 117 724 .
179 661 269 712 τονοι
285 641 343 716 ,είς
372 643 432 704 ἐνα
452 640 561 723 βυθόν
581 637 712 723 άμάρας
733 638 937 720 συνάγονται,
970 640 1065 706 ἄλλοι
1087 640 1199 716 ἄλλοις
1219 643 1259 706 τό
1280 639 1366 706 aad

220 748 421 834 διηγούμενοι
444 751 499 809 καί
519 745 731 828 μυθεόονιες·
764 741 851 811 οότοι
874 745 910 810 δέ
933 746 1023 823 ίδίας
1044 743 1076 812 οἳ
1097 747 1214 824 πάντες
1234 763 1367 828 γνιισιι-

219 855 295 930 κοδς
315 851 446 927 ἑαυτοὺς
464 852 469 940 Ι
489 850 703 930 ἀποκαλοῦσι,
735 852 790 938 τὴν
818 855 1012 937 θαυμασίαν
1031 856 1149 936 γνοίσιν
1170 857 1225 920 τοῦ
1246 852 1368 920 τελείου

220 967 275 1026 καί
296 959 428 1040 άγαθοῦ
449 959 544 1042 μόνοι
566 959 837 1034 καταπεποικότες.

307 1089 358 1153 24.
381 1087 498 1169 Ὀμνυε
509 1084 555 1163 δέ,
567 1085 844 1172 φησίνἸουσσνος,
862 1087 1150 1168 είγνάναιθίίεις,
1164 1090 1187 1153 ά
1202 1087 1369 1175 δφθαλ·

183 1193 292 1277 τομδς
328 1190 397 1257 οδκ
426 1191 510 1255 είδε
537 1195 603 1255 καί
631 1189 700 1267 οὖς
733 1191 803 1258 οδκ
833 1195 1016 1279 ἤκουσεν,
1050 1192 1146 1259 οδδέ
1179 1196 1248 1260 ἐπὶ
1275 1219 1369 1282 καρ-

222 1302 311 1367 δίαν
342 1299 559 1387 άνθροίπου
588 1297 729 1386 άνέβη,
761 1300 816 1365 τόν
843 1301 955 1365 ἐπάνω
978 1301 1108 1366 πάντων
1129 1301 1277 1383 άγαθόν,
1311 1302 1370 1367 τδν

223 1407 395 1492 άνοίτερον,
427 1407 549 1493 ἄρρητα
572 1405 716 1491 φυλάξαι
738 1406 776 1470 τά
798 1411 851 1493 τῆς
873 1406 1083 1484 διδασκαλίας
1105 1409 1280 1493 σιγιόμενα·
1314 1413 1372 1472 καὶ

221 1515 283 1600 γάρ
309 1517 363 1576 καὶ
390 1511 408 1577 ό
436 1513 539 1599 πατὴρ
566 1511 672 1598 ἡμῶν,
706 1513 786 1579 ἐδοίν
807 1516 862 1579 τόν
882 1513 1017 1595 άγαθδν
1038 1519 1092 1579 καί
1113 1513 1372 1602 τελεοθείς.παρ’

224 1620 326 1708 αὐτῷ,
360 1619 399 1684 τά
428 1624 480 1706 τῆς
512 1623 599 1706 σιγῆς
627 1621 748 1708 ἄρρητα
779 1621 938 1705 ἐφύλαξε,
970 1627 1025 1686 καί
1054 1623 1158 1706 ὤμοσε
1183 1621 1298 1697 καθαίς
1315 1624 1372 1702 γί-

185 1748 371 1815 οογραπται,
386 1728 513 1811 ὤμοσε
526 1728 668 1814 κύριος
690 1731 755 1791 καὶ
771 1726 818 1793 οδ
830 1728 1232 1817 μεταμεληθήσεται.
1258 1732 1371 1793 Ταῦτα

223 1839 329 1899 τοίνυν
351 1833 431 1898 οὕτω
454 1833 795 1922 κατασφραγισάμενος
815 1835 938 1900 πλείοσι
960 1837 1080 1920 μάθοις
1102 1846 1291 1922 ψυχαγωγετ
1310 1835 1367 1900 διδ

224 1941 382 2006 πλειόνων
409 1941 560 2024 βιβλίων,
590 1946 645 2004 καί
671 1941 770 2018 οὕτως
799 1943 854 2007 ἐπί
883 1943 938 2008 τόν
964 1942 1098 2024 άγαθδν
1127 1945 1212 2024 άγει,
1242 1943 1371 2009 ιελειάν

224 2049 296 2124 τοδς
322 2047 440 2131 μύστας
472 2046 511 2111 τό
539 2047 649 2111 όλαλα
678 2049 842 2136 μυστήρια.
888 2050 962 2114 Ἰνα
991 2049 1027 2114 δέ
1052 2051 1096 2136 μη
1126 2049 1181 2114 διδ
1212 2049 1372 2115 πλειόνων

225 2153 415 2237 όδεόσωμεν,
438 2155 474 2217 ἐκ
494 2158 571 2237 μιάς
594 2153 693 2219 αδτοῦ
714 2156 827 2239 βίβλου
848 2158 887 2221 τά
908 2159 1031 2244 ἄρρητα
1044 2156 1252 2242 ἐπιδείξομεν,
1276 2157 1372 2243 οόσης

187 2263 339 2337 οοκαθιός
360 2260 477 2344 νομίζει
499 2261 643 2338 ἐνδόξου.
699 2261 788 2348 Αὕτη
819 2262 855 2327 δέ
886 2264 1098 2352 ἐπιγράφεται
1119 2266 1267 2352 Βαροόχ·
1293 2261 1372 2356 ἐνῇ

224 2372 303 2453 μίαν
330 2371 393 2433 τῶν
414 2367 546 2434 πολλῶν
566 2368 770 2452 μυθολογίαν
791 2369 998 2458 ἐκτιθεμόνην
1018 2369 1079 2436 ἐπ’
1102 2369 1201 2436 αὐτοῦ
1229 2370 1372 2457 δηλάσο-

224 2497 299 2560 μεν,
327 2473 428 2540 οὖσαν
448 2476 540 2561 παρὰ
557 2472 736 2565 Ἡροδότῳ,
759 2478 800 2564 ἢν
821 2476 864 2553 τίς
885 2477 1000 2567 καινὴν
1023 2488 1088 2556 τοϊς
1109 2477 1284 2565 ἀκροατατς
1304 2502 1371 2544 πα-

226 2583 397 2672 ραπλάσας
423 2583 574 2669 διηγεῖται
579 2631 590 2660 ,
620 2583 655 2662 ἐξ
677 2583 774 2671 αέτῆς
794 2589 909 2652 πάσαν
929 2587 1081 2652 σόστασιν
1100 2589 1155 2652 τοῦ
1178 2585 1252 2651 κατ’
1273 2584 1373 2652 αδτόν

227 2691 452 2756 διδασκαλείου
474 2691 672 2774 ποιεόμενος.

188 2825 218 2876 ⁴⁰
313 2822 364 2886 25.
404 2817 573 2904 Ἡρόδοτος
593 2822 654 2902 μέν
674 2813 732 2883 οὖν
753 2817 808 2883 τόν
824 2815 984 2903 Ἡρακλεία
1006 2822 1105 2905 φησιν
1126 2815 1193 2882 άπδ
1216 2815 1373 2904 τῆςἘρυ-

226 2929 322 3002 θείας
349 2929 405 2990 τοῦ
427 2927 589 3013 Γηρυόνου
611 2926 668 3000 τός
695 2927 773 3007 βοός
794 2925 914 3004 ἄγοντα
935 2924 980 2999 τίς
1001 2923 1057 3012 την
1078 2927 1227 2989 Σκυθίαν
1250 2921 1372 3002 ἐλθεῖν,

226 3031 401 3118 κεκμηκότος
430 3029 466 3094 δὲ
497 3029 564 3095 άπὸ
593 3035 646 3117 τῆς
672 3033 805 3118 πορείας
832 3031 878 3107 εἷς
899 3029 1018 3117 ἔρημόν
1037 3055 1066 3096 τι
1085 3035 1202 3117 χωρίον
1223 3029 1373 3096 κατακλι-
1484 3049 1490 3062 ·

227 3141 330 3203 θέντα
360 3140 557 3224 κοιμηθῆναι
587 3137 709 3219 ὀλίγον·
740 3135 947 3213 όπνιόσαντος
976 3137 1012 3202 δέ
1046 3137 1144 3203 αδτοίί
1177 3137 1291 3226 α’φανῆ
1320 3163 1372 3219 γε-

228 3247 346 3310 νέσθαι
366 3245 421 3308 τόν
442 3251 560 3322 ίππον,
593 3243 646 3331 ἐφ’
673 3239 713 3309 οδ
739 3245 956 3330 καθεζόμενος
983 3243 1134 3311 διοίδευσε
1161 3245 1217 3332 την
1243 3246 1373 3333 μακράν

191 3350 321 3416 ίίόδόν·
343 3354 558 3439 περιεγερθεὶς
581 3351 617 3416 δὲ
639 3351 759 3438 ζήτησιν
780 3351 918 3417 ἐποιεῖτο
935 3351 990 3417 ἐπί
1011 3357 1064 3439 τῆς
1086 3353 1218 3440 ἐρημίας
1238 3351 1371 3439 πολλήν,

226 3457 330 3545 εόρετν
352 3460 546 3544 τειρόμενος
566 3458 622 3523 τόν
642 3464 753 3524 ίππον.
809 3463 873 3523 Καὶ
898 3461 954 3523 τοῦ
981 3461 1042 3543 μὲν
1067 3465 1169 3524 ίππου
1191 3458 1372 3544 διαμαρτά-

227 3589 289 3643 νει,
321 3565 419 3653 κόρην
446 3564 484 3629 δό
511 3587 581 3630 τινα
601 3565 845 3655 μιξοπάρθενον
866 3563 969 3652 εὑρών
990 3567 1045 3631 ἐπὶ
1066 3569 1119 3653 τῆς
1140 3565 1271 3654 ἐρημίας
1291 3565 1372 3652 ἐπη-

228 3673 373 3759 ράτα,ἐί
393 3675 441 3758 εἴη
455 3673 460 3762 ί
474 3693 539 3737 που
559 3675 736 3760 τεθεαμένη
757 3671 812 3737 τόν
834 3677 945 3737 ίππον.
979 3671 1024 3736 Ἦ
1049 3671 1086 3738 δέ
1107 3671 1186 3761 κόρη
1208 3676 1305 3760 φησὶν
1325 3674 1372 3737 εί-

229 3778 321 3843 δέναι
341 3781 410 3862 μίν,
433 3781 476 3867 μη
499 3779 614 3856 δείξειν
636 3779 672 3844 δὲ
693 3777 967 3867 πρότεροναδτῷ,
990 3781 1020 3844 εί
1040 3783 1084 3868 μη
1107 3787 1188 3868 πρὸς
1208 3783 1297 3866 μίξιν
1317 3802 1373 3865 φι-

191 3883 301 3961 οολίας
323 3885 464 3976 συνέλθῃ
487 3885 567 3978 αδτῇ
589 3884 791 3972 δἮρακλῆς.
827 3884 887 3952 Ἦν
909 3886 954 3965 δέ,
979 3891 1076 3974 φησίν
1097 3885 1312 3974 όἩρόδαυος,
1334 3885 1373 3951 τό

230 3993 299 4058 άνο
327 3990 423 4078 αδτῆς
451 3995 542 4078 μέχρι
569 3995 732 4077 βουβῶνος
760 3995 940 4080 παρθένου,
962 3997 1032 4059 πάν
1051 3993 1088 4059 δέ
1112 3995 1148 4059 τό
1170 3993 1256 4059 κάτα
1279 3997 1371 4078 σῶμα

299 4223 345 4278 2³.
363 4215 628 4281 καταπεπιακότεςῦ
742 4216 1082 4286 24-20.1Cor.2,9=
1117 4188 1300 4294 δόφθαίμδς
1328 4219 1375 4274 οδκ

230 4316 302 4370 είδεν
319 4313 365 4369 καί
382 4307 429 4376 οός
447 4312 495 4368 οδκ
513 4312 623 4380 ἤκουσεν
640 4309 686 4365 καί
704 4309 748 4365 ἐπί
765 4311 881 4382 καρδίαν
898 4311 1047 4384 ἀνθρώπου
1067 4311 1116 4366 οόκ
1133 4312 1214 4384 ἀνέβη
1328 4313 1373 4367 λβ.

238 4407 353 4482 ἀγαθοῖν
371 4403 393 4464 C
411 4404 440 4464 M
555 4405 599 4463 30.
628 4401 729 4462 Psalm.
751 4403 845 4470 tom
958 4405 1003 4463 32.
1028 4403 1073 4459 τδν
1090 4403 1210 4478 ἀγαθόν]
1235 4405 1286 4459 τοῖν
1306 4403 1375 4480 dya-
