3052 4984
286 321 350 386 430
396 323 613 411 (mmm.)
701 327 796 384 τιοτι
818 327 887 399 vm,
914 332 962 386 ιι.
983 332 1032 388 τε.

288 490 436 577 δεκάτης,
459 491 525 578 ήιις
545 491 627 556 ἐστὶν
649 491 731 579 α’ρχή
755 492 903 569 δεκάδος,
925 488 984 576 ἀφ’
1006 483 1056 576 ής,
1081 493 1196 575 φησίν,
1226 487 1458 574 ἀριθμοῦσιν.

249 591 327 662 8οἨ
344 598 406 683 γάρ
429 597 532 680 μονὰς
554 600 612 674 ίως
634 604 686 684 τῆς
707 597 1041 684 τεσσαρεσκαιδεκάτης
1058 597 1121 662 ἐστὶ
1137 599 1171 661 τό
1189 594 1376 682 κεφάλαιον
1389 598 1458 678 τῆς

284 709 363 790 μιᾶς
386 706 543 792 [κεραίας]
566 711 622 770 τοῦ
644 705 761 770 τελείου
785 705 941 792 α’ριθμοῦ.
989 706 1081 770 Τότε
1098 703 1161 792 γάρ
1182 706 1236 780 ἔγ,
1260 701 1330 788 δύο,
1355 705 1452 788 τρία,

284 816 422 898 τέσσαρα
443 818 560 894 γίνεται
581 812 675 891 δέκα,
710 813 789 901 ὅπερ
812 815 895 878 ἐστίν
916 811 934 898 η’
958 816 1018 896 μία
1040 815 1164 898 κεραία.
1215 810 1296 874 ’Ana
1325 809 1366 873 δὲ
1388 815 1453 894 τῆς

284 921 635 1008 τεσσαρεσκαιδεκάτης,
660 925 773 1009 φησίν,
796 926 855 998 ἔως
875 925 953 1005 μιᾶς
975 925 1029 986 καὶ
1050 918 1178 996 εἰκάδος
1198 915 1371 1002 ἑβδομάδα
1385 916 1451 980 λε’-

285 1053 332 1109 γει
353 1026 563 1112 ὑπάρχουσαν
585 1029 620 1094 ἰν
642 1033 678 1120 ιη’
699 1035 760 1114 μιᾷ
782 1033 895 1116 κεραίᾳ
916 1033 971 1094 τοῦ
993 1029 1113 1113 κόσμου
1143 1029 1198 1114 τήν
1228 1030 1324 1092 κάσιν
1359 1025 1449 1100 ἄζυ-

247 1155 348 1219 Βομον
370 1137 406 1201 δι’
426 1137 546 1212 τούτοις
567 1136 700 1200 άπαοιν.
748 1140 789 1201 Τί
809 1139 870 1223 γάρ
892 1136 1041 1222 δεηθείη,
1067 1139 1179 1221 φησίν,
1204 1134 1222 1221 ἡ
1243 1138 1303 1217 μία
1320 1139 1447 1220 κεραία

286 1242 397 1319 οῦσίας
417 1247 500 1319 τινός
522 1242 619 1308 οἱονεὶ
644 1242 739 1329 ζύμης
761 1243 886 1320 ἔξωθεν
907 1245 952 1318 εἰς
974 1244 1007 1308 τδ
1030 1243 1140 1324 πάσχα
1163 1247 1218 1307 τοῦ
1235 1245 1356 1326 κυρίου,
1381 1241 1445 1325 τήν

286 1350 421 1417 αἰώνιον
445 1351 568 1437 ἑορτήν,
603 1351 667 1436 η’ττς
695 1351 778 1415 ἐστὶν
798 1352 844 1427 εἰς
865 1353 922 1428 τάς
942 1353 1051 1431 γενεάς
1073 1350 1245 1436 δεδομένης
1274 1349 1350 1424 δλος
1372 1351 1441 1434 γάρ

284 1458 441 1544 όκόσμος
463 1464 516 1522 καί
545 1456 653 1524 πάντα
682 1459 720 1522 τά
753 1465 805 1545 τῆς
827 1462 952 1536 κτίσεως
973 1463 1059 1524 αἴτια
1081 1459 1192 1540 πάσχα
1214 1459 1314 1536 ἐστίν,
1343 1457 1442 1542 ἑορτή

284 1572 404 1653 κυρίου.
447 1571 562 1652 Χαίρει
580 1568 642 1652 γάρ
665 1565 780 1642 ὁθεός
801 1572 854 1652 τῆς
876 1570 1001 1642 κτίσεως
1022 1571 1058 1657 τῇ
1080 1565 1256 1657 μεταβολή,
1280 1564 1344 1652 η’τις
1368 1564 1439 1628 ῦπδ

247 1679 347 1739 ίοτῶν
371 1673 449 1738 δέκα
472 1674 602 1760 πληγῶν
630 1677 683 1758 τῆς
709 1676 840 1759 κεραίας
863 1675 1032 1760 ἐνεργεῖται
1061 1680 1114 1760 τῆς
1143 1678 1237 1758 μιᾶς,
1274 1672 1338 1760 ήπς
1371 1672 1440 1735 ἐστὶ

284 1789 427 1858 Μωσέως
444 1780 564 1868 ῥάβδος
573 1765 641 1846 ’ύπδ
659 1785 715 1846 τοῦ
735 1785 816 1846 θεοῦ
837 1780 1006 1867 δεδομένη,
1030 1777 1116 1872 ήτής
1129 1782 1314 1860 Αἰγυπτίοις
1328 1777 1439 1866 πλήσ-

283 1907 350 1954 σειν
370 1889 581 1974 μεταβάλλειν
600 1891 639 1954 τά
662 1888 809 1973 στόματα,
841 1887 996 1974 καθάπερ
1019 1891 1074 1974 τήν
1095 1899 1186 1972 χεΐρα
1207 1890 1371 1964 Μωσέως,
1399 1887 1437 1950 τό

283 1997 370 2084 ῦδωρ
380 1999 425 2073 εἰς
439 1995 527 2080 αἰμα,
551 2001 605 2060 καί
623 1999 661 2060 τά
679 1997 779 2062 λοιπά
796 1996 915 2072 τούτοις
931 1995 1175 2084 παραπλησίως,
1190 1997 1259 2082 [ῶς]
1284 1994 1433 2080 α’κρίδας,

282 2106 362 2192 άπερ
384 2105 448 2168 ἐστὶ
475 2104 601 2188 χόρτος,
635 2109 698 2168 τῶν
727 2107 885 2184 στοιχείων
915 2105 959 2178 εἰς
989 2105 1092 2190 σάρκα
1121 2104 1298 2190 μεταβολήν
1331 2103 1433 2184 λε’γει·

245 2219 392 2286 οιπᾶσα
413 2213 486 2298 γάρ
510 2213 610 2296 σάρξ
631 2213 788 2297 χόρτος,
813 2215 920 2297 φησίν.
973 2211 1079 2276 Ούδδν
1109 2211 1144 2276 δὲ
1175 2208 1264 2298 ήττον
1292 2216 1346 2275 καὶ
1376 2213 1433 2276 τδν

284 2321 362 2386 ὅλον
384 2319 486 2403 νόμον
508 2315 539 2383 οἱ
562 2317 678 2404 ἄνδρες
713 2315 798 2383 οῦτοι
828 2319 971 2384 τοιοῦτόν
1000 2342 1071 2384 τινα
1097 2322 1217 2405 τρόπον
1237 2320 1430 2403 ἐκδέχονται,

281 2429 362 2510 τάχα
384 2449 448 2492 που
470 2424 825 2511 κατακολουθήσαντες,
849 2425 893 2501 ῶς
914 2426 975 2506 ἐγώ
998 2425 1101 2504 δοκῶ,
1121 2425 1281 2514 Ἐλλήνων
1296 2440 1359 2503 τοῖς
1375 2428 1431 2491 λαί-

282 2553 392 2616 γουσιν
414 2533 528 2598 ούσίαν
549 2533 631 2598 εἰναι
653 2539 708 2597 καί
730 2535 826 2598 ποιόν
847 2538 903 2597 καὶ
923 2537 1026 2598 ποσὸν
1052 2541 1106 2599 καί
1132 2537 1213 2620 πρός
1238 2559 1266 2600 τι
1289 2541 1343 2600 καί
1363 2537 1430 2600 ποῦ

283 2648 337 2706 καὶ
359 2642 435 2707 πότε
456 2646 511 2704 καί
532 2643 660 2704 κεῖσθαι
682 2645 736 2704 καὶ
757 2651 862 2704 ποιεῖν
883 2647 938 2704 καί
960 2642 1042 2722 ἔχειν
1064 2648 1118 2706 καὶ
1140 2645 1284 2725 πάσχειν.

261 2765 273 2816 ί
373 2749 423 2814 15.
471 2753 652 2835 Τοιγαροῦν
673 2745 844 2831 Μονόϊμος
865 2747 961 2823 αότός
983 2749 1019 2812 ἰν
1041 2753 1077 2841 τῇ
1105 2753 1186 2833 πρός
1219 2751 1428 2837 Θεόφραστον

281 2857 430 2948 ἐπιστολῇ
444 2855 619 2943 διαρρήδην
634 2855 730 2934 λέγει·
757 2854 997 2920 Καταλιπῶν
1012 2853 1140 2943 ζητεῖν
1159 2859 1259 2923 θεὸν
1276 2864 1341 2922 καί
1355 2863 1426 2922 κτί-

279 2984 343 3030 σιν
364 2971 429 3029 καί
449 2964 493 3028 τά
515 2965 669 3037 τούτοις
690 2963 974 3048 παραπλήσια,
1006 2962 1166 3051 ζήτησον
1197 2965 1319 3032 αύτδν
1349 2962 1422 3031 α’πδ

280 3076 462 3149 σεαυτοῦ,
486 3076 551 3136 καί
572 3071 690 3154 μάθε,
713 3071 769 3145 τίς
789 3070 896 3134 ἐστιν
917 3070 934 3134 δ
957 3072 1089 3136 πάντα
1111 3071 1364 3151 ἁπαξαπλῶς
1383 3074 1426 3138 ἰν

258 3186 340 3252 εδοί
358 3183 363 3266 1
383 3178 761 3261 ἐξιδιοποιούμενος
782 3181 847 3240 καὶ
868 3177 1010 3258 λόγων·
1034 3178 1168 3256 δάεός
1187 3203 1277 3265 μου,
1301 3180 1319 3245 ό
1339 3185 1424 3256 νοῦς

279 3306 365 3370 μου,
388 3283 407 3370 ή
432 3283 594 3349 διάνοιαί
614 3307 701 3368 μου,
725 3283 744 3371 ή
768 3285 878 3372 ψυχή
898 3308 991 3369 μου,
1020 3287 1060 3352 τό
1096 3287 1209 3370 σῶμά
1238 3309 1329 3371 μου,
1360 3291 1423 3352 καὶ

279 3391 403 3476 μάθε,
425 3391 551 3455 πόθεν
575 3391 655 3456 ἐστὶ
676 3389 953 3458 τὸλυπεῖσθαι
974 3400 1042 3457 καὶ
1063 3395 1102 3459 τδ
1124 3398 1279 3480 χαίρειν
1301 3398 1364 3458 καί
1384 3393 1421 3456 τύ

280 3496 441 3577 άγαπᾶν
461 3502 529 3560 καὶ
550 3499 589 3562 τὸ
608 3508 742 3579 μισείν
772 3503 840 3561 καί
866 3501 904 3565 τδ
932 3514 1146 3588 γρηγορείν
1175 3501 1223 3586 μή
1255 3501 1421 3564 θέλοντα

279 3608 344 3668 καί
365 3604 407 3666 τό
438 3603 647 3679 νυστάζειν
675 3603 723 3690 μή
747 3603 922 3670 θέλοντα
954 3613 1018 3670 καὶ
1049 3610 1090 3672 τό
1123 3605 1355 3693 ὀργίζεσθαι
1375 3609 1419 3694 μή

242 3707 461 3779 ιοδέλοντα
483 3716 551 3774 καὶ
581 3713 622 3776 τό
646 3710 780 3797 φιλεῖν
807 3713 859 3797 μή
893 3713 1082 3792 θέλοντα,
1116 3721 1182 3779 καὶ
1215 3719 1262 3780 δν
1293 3721 1417 3791 ταῦτα,

280 3819 386 3903 φησίν,
408 3815 639 3910 δπιζητήσης
669 3816 854 3905 α’κριβῶς,
885 3820 1068 3908 εὑρήσεις
1091 3821 1214 3888 αύτδν
1236 3823 1277 3888 ἰν
1299 3823 1418 3910 ἑαυτῷ

351 4011 396 4064 79.
424 4007 485 4079 ήτις]
505 4008 604 4071 εἰτιςῦ
749 4013 795 4067 81.
819 4015 885 4085 μιᾶς
902 4011 1020 4090 κεραίας]
1045 4013 1151 4088 μιδςῦ
1294 4015 1415 4072 82-86.
1496 3985 1497 4006 ἰ

278 4099 380 4157 2Μοε.
403 4102 444 4167 12,
466 4103 506 4156 18.
531 4105 570 4158 19.
604 4103 799 4177 ’Κναρχόμενοι
823 4107 851 4178 τῇ
879 4107 1140 4180 τεσσαρεσκαιδεκάτη
1168 4109 1253 4181 ἡμέρᾳ
1277 4109 1322 4162 τοῦ
1342 4109 1417 4182 μηνός

276 4196 322 4248 τοῦ
339 4194 443 4268 πρῶτον
463 4193 511 4265 ἀφ’
530 4195 643 4266 ἑσπέρας
669 4197 760 4250 ἴδεσθε
779 4197 868 4270 άζυμα
893 4197 943 4260 ἕως
970 4199 1070 4272 ἡμέρας
1096 4201 1162 4271 μιᾶς
1185 4201 1232 4254 καί
1254 4201 1355 4262 εἰκάδος
1378 4201 1417 4254 τοῦ
1495 4221 1496 4228 ’

278 4287 362 4362 μηνὸς
381 4287 430 4348 ἕως
448 4287 567 4358 ἑσπέρας.
607 4287 686 4340 Ἑπτὰ
710 4288 811 4360 ἡμέρας
838 4289 904 4363 ζύμη
933 4291 982 4363 οδχ
1008 4292 1173 4364 εὑρεθήσεται
1199 4296 1228 4348 ἐν
1253 4299 1308 4355 ταῖς
1332 4297 1417 4354 οἰκίαις

276 4381 363 4455 ὑμῶν.
435 4381 480 4434 85.
504 4383 536 4433 Τι’
551 4379 605 4452 γὰρ
621 4377 778 4450 Ιίοεροτυεε
798 4380 989 4454 ΕἰγὰρΕΜι
1013 4389 1044 4438 Τι’
1056 4385 1110 4458 γὰρ
1126 4383 1327 4457 όνίὸιυρρίυε
1374 4387 1414 4442 88.

276 4473 361 4526 πάντα
377 4471 406 4524 τὰ
420 4469 572 4542 Sauppiusz
592 4469 753 4528 minacia
845 4477 888 4531 90.
916 4478 1023 4549 πληγῶν
1043 4475 1201 4550 Roeperus:
1221 4479 1332 4534 αὐλιτῶι
1352 4477 1414 4544 CM,
