3006 4976
600 347 777 407 nttssmt.
1194 336 1251 402 ttt

109 530 178 574 non
198 511 338 574 luborm
361 529 430 574 outa
452 511 569 576 bombis
591 531 649 576 neo
669 530 778 576 meua
799 511 942 575 libiorum
964 509 1145 587 Idoeomm,
1175 526 1255 590 qaue

109 619 262 682 aec-tm
282 617 459 694 curenbm,
488 619 546 681 scd
572 620 605 682 in
631 619 801 682 Phoebeum
822 616 955 680 miscebo
976 634 1093 678 murum
1116 616 1256 677 citboro-

110 743 196 802 mm,
218 742 293 787 eooe
315 742 404 801 ecco,
428 743 497 786 cum
518 726 560 786 ait
581 725 663 802 Pon,
692 743 760 786 cum
778 722 935 799 Roccbur,
958 741 1024 784 mm
1042 729 1151 802 postor
1173 722 1256 782 laei-

110 831 223 892 doruar
251 835 413 892 astrorum.
464 829 590 910 Propter
618 829 698 893 boec
726 836 755 892 et
785 828 844 895 alia
871 825 1045 890 huiusmodi
1067 825 1203 889 assident
1225 825 1257 889 bi

111 934 271 1016 mysteriis
294 951 375 1014 quae
398 932 540 997 dicuntur
562 951 701 1018 magnae
726 933 847 1017 Matris,
880 933 1011 995 maxime
1039 948 1111 994 sese
1132 933 1294 1012 perspi-rc

111 1057 190 1103 cere
213 1037 349 1102 arbitrati
371 1055 427 1122 por
455 1056 502 1122 oa,
536 1057 616 1120 quae
644 1041 685 1103 ibi
711 1045 914 1123 peraguntur,
944 1043 1041 1100 lotum
1071 1039 1254 1120 mysterium.

110 1144 197 1208 Nihil
220 1145 301 1207 euim
321 1143 353 1206 bi
376 1143 444 1226 plus
465 1143 581 1208 itabant
602 1164 692 1226 quam
717 1163 765 1230 ea,
789 1163 869 1226 quae
887 1144 928 1207 ibi
939 1149 1080 1227 aguntur,
1103 1143 1161 1206 nisi
1174 1145 1255 1224 quod

112 1268 180 1314 non
203 1256 275 1312 sunt
297 1251 403 1333 excisi,
425 1249 483 1314 sed
505 1250 588 1330 quod
612 1253 787 1316 excisorum
810 1257 857 1314 est
879 1249 1048 1332 perficiunt.
1069 1249 1166 1313 Valde
1175 1251 1255 1312 enim

115 1361 244 1420 austere
273 1364 303 1419 et
331 1373 443 1420 serere
466 1356 656 1437 praecipiunt
679 1373 750 1429 sese
773 1356 927 1420 abstinere
949 1357 1064 1437 pariter
1082 1363 1173 1436 atqua
1196 1373 1256 1418 ex-

112 1461 173 1525 cisi
196 1478 214 1524 a
237 1460 462 1524 consuetudine
483 1479 552 1525 cum
573 1462 710 1526 muliere.
763 1463 797 1525 ln
820 1464 954 1545 reliquis,
977 1470 1009 1525 ut
1032 1461 1161 1525 diximus
1183 1463 1294 1544 plu-uo

110 1566 214 1650 ribus,
248 1583 326 1647 opus
354 1566 529 1632 excisorum
558 1567 681 1632 iaciunt.
739 1568 850 1633 Colunt
879 1575 979 1632 autem
1011 1567 1083 1631 nibil
1115 1568 1146 1631 bi
1175 1569 1255 1634 aliud

111 1691 206 1754 quam
229 1671 328 1756 Noas,
350 1671 501 1738 Naesseni
523 1675 632 1738 vocati.
677 1674 759 1738 Noas
782 1682 883 1739 autem
907 1682 956 1738 est
977 1691 1123 1759 serpens,
1154 1693 1171 1737 a
1194 1694 1256 1770 quo

111 1779 158 1843 ait
188 1795 260 1841 esse
289 1779 391 1842 omnia
417 1778 475 1842 sub
506 1780 594 1843 caelo
627 1798 708 1863 quae
737 1789 887 1845 vocamur
916 1781 1026 1862 templa
1056 1779 1203 1864 (ναούς),
1238 1801 1255 1846 a

110 1882 212 1948 verbo
242 1882 324 1964 quod
352 1889 400 1948 est
427 1882 526 1960 νάας,
560 1891 592 1948 et
618 1885 661 1948 illi
689 1885 747 1950 soli
768 1885 850 1950 Noas
875 1886 1046 1950 dedicatum
1070 1905 1141 1950 esse
1165 1905 1256 1951 omne

111 1990 283 2053 sacrarium
304 1995 335 2050 et
357 2006 449 2053 omne
470 1989 585 2054 initium
609 1998 639 2055 et
658 2009 751 2055 omne
772 1993 960 2076 mysterium,
983 2000 1015 2056 et
1036 1993 1162 2057 omnino
1191 2008 1293 2058 nonat

110 2112 209 2176 posse
231 2095 408 2176 mysterium
431 2097 559 2176 reperiri
582 2096 673 2160 ullum
696 2096 753 2160 sub
777 2097 874 2179 caelo,
897 2100 927 2160 in
948 2115 1010 2179 quo
1033 2097 1112 2172 ναός
1132 2117 1196 2162 non
1218 2099 1256 2162 sit

111 2207 147 2264 et
169 2198 254 2272 νάας
274 2201 305 2264 in
328 2217 377 2283 eo,
401 2200 484 2264 unda
506 2210 613 2266 nactus
637 2209 685 2266 est
705 2222 820 2268 nomen
842 2204 930 2278 ναός.
969 2205 1046 2269 Esse
1064 2215 1165 2270 autem
1182 2224 1255 2269 ser-

111 2314 240 2387 pentem
263 2305 347 2369 aiunt
369 2305 399 2368 bi
421 2305 575 2370 bumidam
597 2310 774 2392 materiem,
805 2311 893 2374 sicuti
921 2311 1011 2374 etiam
1032 2309 1141 2374 'lhales
1162 2311 1255 2375 titte-

110 2413 195 2493 sius,
225 2427 284 2474 neo
311 2410 475 2491 quidquam
503 2429 598 2494 posse
630 2431 739 2478 eorum
764 2433 844 2495 quae
868 2418 998 2480 existant
1022 2419 1163 2500 omnino,
1186 2421 1253 2481 'sive

111 2516 327 2580 immortalium
348 2516 415 2580 sive
438 2517 624 2602 mortalium,
652 2519 717 2582 sive
745 2519 945 2584 animatorum
977 2524 1043 2585 sivo
1066 2523 1291 2588 inanimato-uo

110 2641 182 2684 rum
204 2628 349 2685 constare
371 2621 439 2684 sine
462 2640 513 2686 ao.
558 2621 705 2688 Subiecta
726 2631 825 2688 autem
849 2629 878 2688 ei
903 2643 973 2690 osae
996 2629 1106 2711 omnia,
1129 2635 1162 2690 et
1184 2647 1255 2692 esse

110 2747 185 2792 cum
215 2728 329 2790 bonum
358 2735 389 2793 et
409 2726 525 2792 babere
549 2729 652 2793 omnia
678 2731 708 2793 in
731 2748 766 2793 se
787 2732 878 2794 sicuti
907 2736 938 2796 in
961 2751 1059 2798 cornu
1080 2735 1158 2798 tauri
1181 2737 1253 2798 uni-

110 2834 229 2915 cornis,
251 2833 331 2896 adeo
354 2840 387 2896 ul
411 2832 643 2913 pulcritudinem
666 2843 696 2898 et
719 2843 910 2900 venustatem
934 2839 1085 2921 impertiat
1103 2831 1254 2906 universis
1291 2907 1295 2918 ,

111 2957 196 3020 quae
233 2943 338 3002 eatam
373 2936 544 3002 secuudum
576 2947 713 3006 naturam
742 2942 933 3025 singulorum
965 2949 998 3006 et
1025 2946 1254 3030 proprietatem,

112 3053 271 3125 tamquam,
289 3062 346 3125 per
370 3045 472 3108 omnia
495 3052 719 3131 permeantem,
742 3049 829 3112 sicuti
848 3048 1086 3130 profecturam
1108 3051 1203 3116 Edem
1225 3062 1292 3115 etat

109 3169 147 3213 ac
166 3151 329 3229 findentern
349 3151 383 3212 io
404 3151 508 3231 cupito
530 3159 681 3232 quottuor.
726 3152 823 3217 Edem
846 3162 947 3218 autem
973 3173 1042 3219 esso
1059 3159 1144 3222 aiunt
1160 3175 1254 3222 cerc-

111 3255 210 3338 bt‘um,
238 3261 390 3336 umquam
412 3255 544 3318 vinctum
571 3264 603 3321 et
625 3259 821 3324 constrictum
844 3262 874 3324 in
898 3261 1130 3343 circumplicatis
1153 3265 1253 3330 resti-

111 3361 172 3424 bus
194 3361 238 3424 uti
260 3362 364 3426 caelis.
409 3361 584 3428 Paradisum
608 3371 709 3428 autem
733 3383 805 3428 esse
829 3365 1014 3432 arbitrantur
1036 3372 1136 3450 capite
1153 3371 1251 3434 solum

114 3475 207 3548 tanus
229 3467 393 3536 bominem.
436 3468 609 3536 montem
631 3471 727 3552 ἐρίων
747 3471 828 3535 buce
847 3471 971 3551 amium
991 3494 1034 3541 cc
1054 3475 1162 3559 Edem,
1192 3475 1252 3540 boo

111 3582 159 3636 est
182 3575 323 3656 cerebro,
345 3575 443 3638 diuidi
460 3576 613 3656 incapite
628 3585 781 3658 quattuor,
796 3581 905 3642 cocori
919 3589 1019 3642 autem
1035 3599 1143 3644 nomen
1155 3584 1272 3663 primii

109 3735 179 3788 poro
200 3717 384 3788 paeonicum
402 3715 430 3770 nri
447 3717 542 3789 aloem
562 3717 642 3772 αὐτοῦ
659 3708 682 3772 a.
704 3722 766 3774 nl..
875 3719 938 3776 ὅσα
960 3738 1005 3776 om
1024 3719 1046 3776 C
1064 3719 1102 3787 M,
1120 3724 1167 3796 qui
1189 3733 1252 3794 poet

108 3811 294 3882 μονοκὲρωως
312 3807 437 3862 lacunam
457 3825 519 3864 aare
538 3809 686 3864 :rbitratur
756 3812 807 3865 mir
834 3811 936 3878 ἄλλων,
963 3813 1036 3885 quod
1061 3830 1144 3869 sensu
1168 3825 1251 3880 caret,

110 3897 192 3952 uncia
210 3897 381 3960 inclusimus.
490 3899 534 3954 78.
554 3901 637 3954 clarel
654 3901 711 3970 dod]
731 3903 790 3955 oica
808 3903 864 3976 toto
883 3900 904 3957 C
923 3901 952 3956 11
1060 3905 1188 3960 'ib-80.
1210 3903 1251 3961 Gt.

112 3991 123 4044 1
146 3988 218 4043 Mos.
237 3991 269 4052 2,
297 3989 329 4042 10
357 3989 482 4061 Ποταμὸς
505 3989 534 4044 di
552 3991 717 4061 denominat
735 3995 762 4054 ἐξ
778 3993 865 4065 Ἐδίμ
882 3997 993 4057 ποτίζειν
1009 3995 1053 4048 τὸν
1073 3997 1251 4068 ncpridstoor·

109 4085 214 4135 ἐκεῖθεν
232 4080 385 4150 ἀφορίζεται
403 4083 440 4140 ele
455 4082 580 4151 τέσσαρας
597 4079 684 4153 ἀρχάς
790 4084 835 4137 82.
856 4084 993 4156 οὐρανοῖς]
1006 4087 1150 4158 odoacris?
1220 4090 1250 4142 δ’

110 4168 198 4226 omC
305 4171 424 4226 83-85.
444 4168 488 4226 Ci.
510 4171 521 4224 1
541 4169 652 4238 Μοιῖ,
669 4174 701 4228 10
816 4177 932 4231 85-90.
953 4175 1250 4243 cattianillam.

104 4265 217 4333 ὀνομα
233 4261 267 4332 τῷ
283 4261 324 4314 iot
341 4261 449 4315 brocia·
469 4254 545 4323 abror
562 4263 576 4316 b
594 4265 696 4319 acalcie
713 4267 802 4320 πᾶσαν
819 4268 864 4336 nir
881 4270 931 4341 γῆν
950 4271 1062 4334 utente,
1081 4274 1132 4324 dati
1150 4263 1183 4324 ob
1199 4273 1252 4324 imi

112 4357 137 4409 rb
153 4357 281 4426 χρυσῶν·
308 4353 342 4411 et
355 4354 383 4410 di
398 4357 512 4425 χρυσίον
531 4355 572 4421 τῆς
589 4356 637 4427 γῆς
654 4358 751 4422 ἐκείνης
767 4358 863 4412 καλόν·
892 4361 938 4413 καὶ
955 4363 1006 4414 lati
1024 4361 1092 4414 ictio
1111 4360 1125 4412 d
1144 4359 1251 4432 ἄνθραξ

108 4447 155 4500 καὶ
174 4445 190 4500 b
208 4447 287 4534 libcf
305 4443 319 4498 d
338 4443 474 4515 nprimror.
