2920 4982
256 335 540 400 nucertsutamo:
584 333 751 396 PERATAE.
796 330 963 392 statutum.
1124 325 1188 394 507

18 517 106 576 sunt
132 508 286 592 delapsis,
315 506 499 572 abiiciuntur
531 511 563 569 et
591 502 696 586 punita
724 501 915 587 nblegantur.
974 502 1059 568 Duas
1087 506 1188 565 autem

21 638 107 686 esse
133 627 240 702 partes
264 616 354 703 dicit,
388 633 468 700 quae
491 612 665 698 salventur,
693 615 942 698 superincentes,
972 611 1128 676 seiunctas
1150 610 1188 675 ab
1197 623 1227 674 aa

21 729 188 813 interitu,
211 727 331 792 bertium
353 733 455 791 autem
477 723 599 809 perire,
622 741 714 805 quem
736 721 879 788 muudum
901 721 1066 805 specialem
1089 727 1189 788 voeai.

23 837 125 904 llaec
150 844 184 901 et
204 837 344 902 l'eratae.

128 943 182 1010 ll.
233 943 384 1012 Setbianis
415 947 518 1007 autem
548 938 649 1023 placet
678 936 815 1002 universi
851 953 921 1002 esse
952 937 1009 1002 tria
1041 937 1189 1022 principia

26 1055 209 1137 descripta.
264 1049 510 1133 Unumquodque
542 1055 643 1112 autem
678 1046 858 1130 principium
896 1093 1190 1115 ........

28 1162 107 1227 lieri
127 1168 248 1247 potest,
272 1161 356 1225 utin
379 1157 511 1222 bumana
535 1155 632 1220 anima
657 1155 755 1219 omnis
779 1173 859 1237 quae
883 1153 1014 1219 docetur
1036 1174 1104 1238 ars,
1131 1169 1228 1222 ve-oo

28 1269 91 1332 luti
117 1288 191 1334 cum
214 1285 312 1352 prope
336 1268 506 1333 accesserit
527 1264 627 1330 inians
649 1261 782 1346 tibicini,
806 1279 899 1346 posse
923 1279 992 1326 eum
1015 1262 1096 1328 tibiis
1112 1281 1192 1327 eau-

31 1386 123 1461 tare,
148 1376 199 1442 vel
223 1383 419 1460 geometrae,
442 1373 631 1458 geometrica
654 1368 789 1452 cellere,
820 1369 870 1432 vel
893 1369 981 1436 elicui
1006 1371 1063 1434 nrti
1086 1370 1192 1434 eonsi-

33 1482 170 1550 militer.
225 1482 446 1565 Principiorum
476 1487 596 1564 autem,
633 1476 788 1559 inquiunt,
826 1483 955 1541 naturae
985 1485 1057 1542 sunt
1082 1477 1136 1542 lux
1163 1483 1193 1541 et

34 1591 215 1674 tenebrae,
238 1589 346 1653 barum
375 1598 476 1655 nutem
504 1584 706 1651 intermedius
738 1592 786 1648 est
814 1585 939 1666 spiritus
971 1584 1190 1668 impermixtos.

35 1699 176 1781 Spiritus
205 1703 306 1761 autem
338 1695 540 1764 intermedius
568 1695 792 1784 positnsuinter
818 1694 982 1772 tenebras,
1014 1711 1095 1778 quoe
1122 1695 1230 1758 suntlb

36 1805 142 1886 inira,
175 1811 205 1867 et
228 1803 347 1890 lucem,
378 1824 459 1888 quae
489 1812 537 1870 est
564 1820 675 1887 supra,
703 1802 804 1884 aiunt,
839 1818 902 1865 non
932 1807 979 1866 est
1008 1801 1132 1885 spiritns
1161 1810 1193 1866 nt

37 1913 126 1974 venti
150 1912 197 1976 vis
220 1918 271 1976 nul
298 1912 401 1976 tenuis
429 1911 581 1998 quaedam
614 1928 704 1994 aura,
738 1928 818 1993 quae
854 1910 960 1976 sentiri
990 1915 1107 1995 potest,
1137 1908 1193 1973 sed

38 2027 189 2101 tanquam
213 2018 293 2081 odor
315 2017 437 2100 quidam
467 2018 618 2102 unguenti
646 2017 696 2082 vel
724 2018 888 2084 suffimenti
920 2035 960 2082 ex
991 2019 1121 2082 mixtura
1144 2017 1194 2080 la·

38 2127 154 2190 brieati
176 2128 294 2212 tenuis,
326 2143 491 2209 permeans
514 2128 652 2207 potestas
675 2126 843 2192 insensibili
872 2124 1003 2210 quadam
1035 2133 1066 2189 et
1091 2125 1192 2188 vehe-

38 2234 207 2319 mentiori,
229 2254 319 2317 quam
343 2253 424 2318 quae
448 2234 551 2298 verbis
575 2237 778 2320 exprimatur,
801 2237 833 2300 vi
856 2235 1057 2300 odoramenti.
1102 2233 1229 2310 Quo-⁵⁰

40 2342 124 2406 niam
147 2343 240 2426 igitur
262 2361 354 2424 supra
378 2349 426 2406 est
448 2341 500 2406 lux
523 2348 554 2408 et
575 2344 654 2407 inira
678 2344 828 2408 tenebrae
851 2349 883 2407 et
905 2341 1012 2406 barum
1040 2341 1191 2405 interme-

42 2449 112 2512 dius
135 2450 275 2534 spiritns,
298 2449 350 2514 lux
374 2456 474 2514 autem
499 2457 530 2516 ut
553 2449 658 2515 radius
686 2451 761 2516 solis
789 2450 924 2533 desuper
952 2449 1135 2516 illucescens
1158 2451 1188 2514 in

43 2557 200 2621 subiectas
223 2557 385 2642 tenebras,
408 2561 530 2642 spiritus
554 2565 654 2622 nutem
684 2558 918 2624 odoramentum
949 2575 1020 2622 sese
1052 2556 1190 2622 dillundil

43 2665 175 2728 medium
198 2672 309 2730 tenens
331 2666 433 2730 locum
458 2673 488 2730 et
509 2668 696 2754 porrigitur,
729 2668 818 2730 sicuti
846 2667 1086 2730 suffimentorum
1110 2665 1191 2728 odor

44 2793 139 2857 super
161 2775 224 2858 igni
248 2793 319 2839 sese
343 2772 502 2852 dillundit3
524 2811 566 2821 —
590 2792 657 2837 cum
680 2773 759 2837 baec
781 2775 875 2859 igitur
904 2777 942 2841 sit
970 2780 1108 2859 poteslas
1130 2775 1228 2837 tri-ot

46 2881 151 2944 fariam
176 2879 358 2947 divisorum:
394 2881 517 2965 spiritus
548 2887 577 2943 et
607 2883 682 2945 lucis
712 2881 799 2944 simul
824 2890 871 2946 est
894 2882 974 2947 inira
996 2890 1135 2966 potestas
1157 2882 1189 2944 in

46 2989 183 3053 tenebris
205 2988 361 3056 subiectis.
407 2989 565 3054 Tenebras
589 2995 689 3064 autem
713 3008 822 3073 aquam
850 3008 921 3056 esse
952 2990 1035 3054 aiunt
1064 2988 1190 3054 terribi-

49 3219 189 3306 λλγοοσι,
210 3221 321 3286 ιοῦιον
349 3217 386 3284 dd
417 3221 472 3284 οὐν
501 3219 620 3303 κόσμον
647 3216 879 3296 ἀπόλλυσθαι,
910 3217 949 3284 δι’
980 3217 1085 3284 idoneo
1114 3215 1190 3285 ὐνο-

48 3325 185 3411 μάζουσι.
637 3337 643 3354 ·

1020 3461 1058 3468 -ο-
1078 3461 1162 3468 -ηιι
1174 3462 1185 3470 ι

51 3527 147 3580 timeret
164 3523 198 3578 nd
216 3524 326 3594 πέφυκε.
495 3526 539 3577 40.
571 3521 706 3576 divendere
731 3519 839 3574 uncinis
865 3520 1027 3575 inclusimus
1053 3520 1187 3580 tundente

54 3615 217 3687 Bernnpsio,
236 3615 283 3687 qui
303 3613 375 3668 banc
396 3630 491 3668 recem
511 3613 544 3669 nb
565 3613 644 3668 initio
669 3614 818 3685 ascriptam
842 3611 1007 3667 emendandi
1037 3629 1133 3670 caneto
1152 3614 1187 3670 ut

50 3709 163 3763 alterum
182 3708 322 3781 γενέσθαι,
352 3706 426 3780 quod
445 3717 520 3762 extat
538 3706 585 3762 lin.
607 3709 652 3763 41.
672 3707 733 3771 tu,
757 3723 809 3779 per
827 3722 949 3760 errorem
969 3703 1100 3760 insertam
1124 3723 1187 3762 enne

55 3809 113 3856 onte
133 3799 208 3874 prius
226 3801 353 3873 γενέσθαι
370 3808 449 3871 putat
580 3800 626 3855 41.
649 3800 694 3854 42.
719 3801 786 3864 ολον,
805 3801 829 3854 ol
852 3797 932 3871 ἰγγύς
953 3800 1055 3871 γένοιτο
1077 3801 1190 3855 παιδύον

56 3896 155 3968 αὐλητῇ,
174 3893 310 3948 eloacam
327 3891 432 3957 αὐλεῖν,
453 3912 478 3947 κ.
497 3911 517 3946 r.
535 3895 559 3948 λ.
578 3889 765 3962 Berunpaius:
785 3891 868 3945 ολονού
883 3893 986 3964 γένοιτο
1003 3895 1115 3949 mundior
1134 3890 1189 3968 [ty-

53 3987 185 4060 χρονύοαν]
204 3985 300 4059 αὐλητῇ
316 3987 442 4057 γενέσθαι
459 3985 582 4054 αὐλητήν,
600 3987 615 4054 ἢ
633 3986 768 4058 γεωμέτρη
785 3985 944 4058 γεωμέτρην,
959 3985 1187 4059 ἢῇπνιούνιέχνη

58 4079 157 4152 ὁμοίως.
176 4075 220 4132 Mc
240 4081 314 4143 οἱον,
331 4079 356 4132 ελ
371 4079 473 4149 γένοιτο
492 4079 602 4132 παιδίον
620 4077 716 4152 αὐλητῇ
733 4079 828 4150 ἐγγύς,
845 4081 940 4134 olnam
957 4077 1061 4142 οὐλνῖν,
1080 4077 1187 4131 aaut

59 4175 98 4228 46.
116 4171 213 4244 ὐνύμοο
231 4169 304 4247 ῥιπὴ]
323 4169 423 4243 ἄνομος
440 4169 455 4236 ἢ
474 4169 537 4240 ῥιπὴ
556 4165 619 4224 CM
640 4168 807 4241 Bernuptius
975 4171 1021 4226 48.
1042 4170 1084 4225 49.
1101 4168 1187 4236 ianm,

58 4260 213 4340 ὐιούεὐοοοο]
233 4261 337 4332 λεπτῆς,
355 4260 515 4317 deerevere
535 4258 556 4316 C
576 4259 619 4327 M3
649 4261 686 4318 el.
705 4277 788 4335 supra
808 4281 836 4334 p.
854 4263 917 4328 200,
935 4263 972 4317 72
1140 4263 1185 4318 49.

59 4356 134 4430 φορᾷ]
152 4355 239 4429 φορᾶς
257 4351 279 4410 C
423 4357 468 4410 bl.
488 4355 547 4425 pois
564 4351 611 4432 ὠς]
631 4357 690 4425 φῶς
708 4351 730 4410 C
749 4353 788 4410 ll.
826 4353 914 4410 Sicuti
939 4370 990 4408 nor
1009 4353 1090 4408 etiam
1110 4349 1185 4408 Ber-

60 4445 158 4518 uaytios
183 4445 303 4500 correxit
450 4447 494 4502 52.
519 4447 702 4522 ἐλλάμπουσιν]
727 4447 899 4521 ἐκλάμπουοα
921 4442 1008 4510 CM:
1036 4445 1073 4501 ei.
1101 4465 1183 4518 supro

60 4558 84 4612 p.
100 4540 156 4604 200,
172 4539 208 4593 76
