<?xml version="1.0" encoding="UTF-8"?>
<!DOCTYPE html PUBLIC "-//W3C//DTD XHTML 1.0 Transitional//EN"
    "http://www.w3.org/TR/xhtml1/DTD/xhtml1-transitional.dtd">
<html xmlns="http://www.w3.org/1999/xhtml" xml:lang="en" lang="en">
 <head>
  <title>
</title>
<meta http-equiv="Content-Type" content="text/html;charset=utf-8" />
  <meta name='ocr-system' content='tesseract 3.04.00' />
  <meta name='ocr-capabilities' content='ocr_page ocr_carea ocr_par ocr_line ocrx_word'/>
</head>
<body>
  <div class='ocr_page' id='page_1' title='image "./refutationisomn00hippgoog_0122.png"; bbox 0 0 3006 4976; ppageno 0'>
   <div class='ocr_carea' id='block_1_1' title="bbox 451 319 1261 388">
    <p class='ocr_par' dir='ltr' id='par_1_1' title="bbox 451 319 1261 388">
     <span class='ocr_line' id='line_1_1' title="bbox 451 319 1261 388; baseline 0.005 -5"><span class='ocrx_word' id='word_1_1' title='bbox 451 325 727 387; x_wconf 80' lang='lat' dir='ltr'><strong>ubcxatttttttto.</strong></span> <span class='ocrx_word' id='word_1_2' title='bbox 775 325 939 386; x_wconf 70' lang='lat' dir='ltr'><strong>ductant.</strong></span> <span class='ocrx_word' id='word_1_3' title='bbox 1200 319 1261 388; x_wconf 84' lang='lat'><strong>109</strong></span> 
     </span>
    </p>
   </div>
   <div class='ocr_carea' id='block_1_2' title="bbox 114 475 1350 4070">
    <p class='ocr_par' dir='ltr' id='par_1_2' title="bbox 114 475 1261 782">
     <span class='ocr_line' id='line_1_2' title="bbox 114 475 1260 575; baseline 0.004 -25"><span class='ocrx_word' id='word_1_4' title='bbox 114 496 149 550; x_wconf 89' lang='lat' dir='ltr'><strong>et</strong></span> <span class='ocrx_word' id='word_1_5' title='bbox 165 489 354 574; x_wconf 79' lang='lat' dir='ltr'><strong>adulterina,</strong></span> <span class='ocrx_word' id='word_1_6' title='bbox 377 475 520 572; x_wconf 82' lang='lat' dir='ltr'><strong>quaeque</strong></span> <span class='ocrx_word' id='word_1_7' title='bbox 538 511 579 554; x_wconf 90' lang='lat' dir='ltr'><strong>ne</strong></span> <span class='ocrx_word' id='word_1_8' title='bbox 602 494 682 558; x_wconf 91' lang='lat' dir='ltr'><strong>inter</strong></span> <span class='ocrx_word' id='word_1_9' title='bbox 703 495 789 575; x_wconf 86' lang='lat' dir='ltr'><strong>ipsos</strong></span> <span class='ocrx_word' id='word_1_10' title='bbox 805 492 927 572; x_wconf 85' lang='lat' dir='ltr'><strong>quidem</strong></span> <span class='ocrx_word' id='word_1_11' title='bbox 950 491 1082 554; x_wconf 82' lang='lat' dir='ltr'><strong>fortasse</strong></span> <span class='ocrx_word' id='word_1_12' title='bbox 1104 492 1135 553; x_wconf 93' lang='lat' dir='ltr'><strong>iu</strong></span> <span class='ocrx_word' id='word_1_13' title='bbox 1158 491 1260 572; x_wconf 86' lang='lat' dir='ltr'><strong>aliquo</strong></span> 
     </span>
     <span class='ocr_line' id='line_1_3' title="bbox 114 581 1261 679; baseline 0.003 -23"><span class='ocrx_word' id='word_1_14' title='bbox 114 594 245 660; x_wconf 78' lang='lat' dir='ltr'><strong>honore</strong></span> <span class='ocrx_word' id='word_1_15' title='bbox 276 595 464 679; x_wconf 81' lang='lat' dir='ltr'><strong>habeantur,</strong></span> <span class='ocrx_word' id='word_1_16' title='bbox 505 597 607 679; x_wconf 89' lang='lat' dir='ltr'><strong>piacet</strong></span> <span class='ocrx_word' id='word_1_17' title='bbox 635 600 722 662; x_wconf 88' lang='lat' dir='ltr'><strong>brevi</strong></span> <span class='ocrx_word' id='word_1_18' title='bbox 749 581 896 662; x_wconf 80' lang='lat' dir='ltr'><strong>sermone</strong></span> <span class='ocrx_word' id='word_1_19' title='bbox 926 599 957 661; x_wconf 90' lang='lat' dir='ltr'><strong>in</strong></span> <span class='ocrx_word' id='word_1_20' title='bbox 988 615 1086 679; x_wconf 91' lang='lat' dir='ltr'><strong>pauca</strong></span> <span class='ocrx_word' id='word_1_21' title='bbox 1116 597 1261 661; x_wconf 81' lang='lat' dir='ltr'><strong>conferre</strong></span> 
     </span>
     <span class='ocr_line' id='line_1_4' title="bbox 114 703 525 782; baseline 0.012 -19"><span class='ocrx_word' id='word_1_22' title='bbox 114 719 202 781; x_wconf 82' lang='lat' dir='ltr'><strong>quae</strong></span> <span class='ocrx_word' id='word_1_23' title='bbox 223 719 316 782; x_wconf 86' lang='lat' dir='ltr'><strong>supra</strong></span> <span class='ocrx_word' id='word_1_24' title='bbox 341 703 421 765; x_wconf 89' lang='lat' dir='ltr'><strong>dicta</strong></span> <span class='ocrx_word' id='word_1_25' title='bbox 444 709 525 768; x_wconf 90' lang='lat' dir='ltr'><strong>sunt.</strong></span> 
     </span>
    </p>

    <p class='ocr_par' dir='ltr' id='par_1_3' title="bbox 115 807 1350 4070">
     <span class='ocr_line' id='line_1_5' title="bbox 206 807 1260 894; baseline 0.005 -25"><span class='ocrx_word' id='word_1_26' title='bbox 206 807 258 871; x_wconf 75' lang='lat'><strong>⁴3.</strong></span> <span class='ocrx_word' id='word_1_27' title='bbox 305 808 487 890; x_wconf 79' lang='lat' dir='ltr'><strong>Quicunque</strong></span> <span class='ocrx_word' id='word_1_28' title='bbox 514 811 628 890; x_wconf 87' lang='lat' dir='ltr'><strong>ubique</strong></span> <span class='ocrx_word' id='word_1_29' title='bbox 651 810 699 872; x_wconf 83' lang='lat' dir='ltr'><strong>vet</strong></span> <span class='ocrx_word' id='word_1_30' title='bbox 727 810 902 892; x_wconf 81' lang='lat' dir='ltr'><strong>philosophi</strong></span> <span class='ocrx_word' id='word_1_31' title='bbox 923 811 973 874; x_wconf 84' lang='lat' dir='ltr'><strong>vel</strong></span> <span class='ocrx_word' id='word_1_32' title='bbox 999 811 1137 894; x_wconf 81' lang='lat' dir='ltr'><strong>theologi</strong></span> <span class='ocrx_word' id='word_1_33' title='bbox 1159 829 1260 893; x_wconf 83' lang='lat' dir='ltr'><strong>qnae-</strong></span> 
     </span>
     <span class='ocr_line' id='line_1_6' title="bbox 115 915 1299 1000; baseline 0.002 -24"><span class='ocrx_word' id='word_1_34' title='bbox 115 916 261 977; x_wconf 83' lang='lat' dir='ltr'><strong>siverunt</strong></span> <span class='ocrx_word' id='word_1_35' title='bbox 282 931 350 977; x_wconf 90' lang='lat' dir='ltr'><strong>non</strong></span> <span class='ocrx_word' id='word_1_36' title='bbox 369 917 537 978; x_wconf 91' lang='lat' dir='ltr'><strong>concinunt</strong></span> <span class='ocrx_word' id='word_1_37' title='bbox 560 917 599 978; x_wconf 92' lang='lat' dir='ltr'><strong>de</strong></span> <span class='ocrx_word' id='word_1_38' title='bbox 623 916 701 1000; x_wconf 90' lang='lat' dir='ltr'><strong>deo,</strong></span> <span class='ocrx_word' id='word_1_39' title='bbox 724 915 796 996; x_wconf 84' lang='lat' dir='ltr'><strong>quid</strong></span> <span class='ocrx_word' id='word_1_40' title='bbox 816 919 855 979; x_wconf 87' lang='lat' dir='ltr'><strong>sit</strong></span> <span class='ocrx_word' id='word_1_41' title='bbox 872 924 923 978; x_wconf 87' lang='lat' dir='ltr'><strong>aut</strong></span> <span class='ocrx_word' id='word_1_42' title='bbox 945 916 1052 996; x_wconf 81' lang='lat' dir='ltr'><strong>qualis.</strong></span> <span class='ocrx_word' id='word_1_43' title='bbox 1096 916 1157 978; x_wconf 82' lang='lat' dir='ltr'><strong>Atii</strong></span> <span class='ocrx_word' id='word_1_44' title='bbox 1180 917 1299 988; x_wconf 69' lang='lat' dir='ltr'><strong>enimes</strong></span> 
     </span>
     <span class='ocr_line' id='line_1_7' title="bbox 116 1019 1261 1104; baseline 0.003 -25"><span class='ocrx_word' id='word_1_45' title='bbox 116 1019 226 1082; x_wconf 85' lang='lat' dir='ltr'><strong>dicunt</strong></span> <span class='ocrx_word' id='word_1_46' title='bbox 248 1037 319 1082; x_wconf 89' lang='lat' dir='ltr'><strong>esse</strong></span> <span class='ocrx_word' id='word_1_47' title='bbox 341 1023 462 1102; x_wconf 78' lang='lat' dir='ltr'><strong>ignem,</strong></span> <span class='ocrx_word' id='word_1_48' title='bbox 493 1022 542 1082; x_wconf 89' lang='lat' dir='ltr'><strong>atii</strong></span> <span class='ocrx_word' id='word_1_49' title='bbox 566 1023 719 1103; x_wconf 88' lang='lat' dir='ltr'><strong>spiritum,</strong></span> <span class='ocrx_word' id='word_1_50' title='bbox 743 1020 792 1083; x_wconf 85' lang='lat' dir='ltr'><strong>elii</strong></span> <span class='ocrx_word' id='word_1_51' title='bbox 816 1039 941 1104; x_wconf 87' lang='lat' dir='ltr'><strong>aquam,</strong></span> <span class='ocrx_word' id='word_1_52' title='bbox 965 1020 1014 1084; x_wconf 87' lang='lat' dir='ltr'><strong>alii</strong></span> <span class='ocrx_word' id='word_1_53' title='bbox 1037 1019 1171 1101; x_wconf 82' lang='lat' dir='ltr'><strong>denique</strong></span> <span class='ocrx_word' id='word_1_54' title='bbox 1193 1029 1261 1083; x_wconf 87' lang='lat' dir='ltr'><strong>ter-</strong></span> 
     </span>
     <span class='ocr_line' id='line_1_8' title="bbox 116 1125 1260 1208; baseline 0.001 -21"><span class='ocrx_word' id='word_1_55' title='bbox 116 1143 194 1187; x_wconf 88' lang='lat' dir='ltr'><strong>ram.</strong></span> <span class='ocrx_word' id='word_1_56' title='bbox 261 1126 386 1208; x_wconf 79' lang='lat' dir='ltr'><strong>Singula</strong></span> <span class='ocrx_word' id='word_1_57' title='bbox 417 1131 519 1189; x_wconf 90' lang='lat' dir='ltr'><strong>autem</strong></span> <span class='ocrx_word' id='word_1_58' title='bbox 548 1125 699 1189; x_wconf 88' lang='lat' dir='ltr'><strong>elementa</strong></span> <span class='ocrx_word' id='word_1_59' title='bbox 727 1127 827 1207; x_wconf 85' lang='lat' dir='ltr'><strong>atique</strong></span> <span class='ocrx_word' id='word_1_60' title='bbox 855 1143 894 1188; x_wconf 93' lang='lat' dir='ltr'><strong>ex</strong></span> <span class='ocrx_word' id='word_1_61' title='bbox 922 1134 1009 1206; x_wconf 90' lang='lat' dir='ltr'><strong>parte</strong></span> <span class='ocrx_word' id='word_1_62' title='bbox 1036 1125 1183 1188; x_wconf 84' lang='lat' dir='ltr'><strong>deficiunt</strong></span> <span class='ocrx_word' id='word_1_63' title='bbox 1211 1126 1260 1188; x_wconf 91' lang='lat' dir='ltr'><strong>al-</strong></span> 
     </span>
     <span class='ocr_line' id='line_1_9' title="bbox 117 1230 1260 1312; baseline 0.002 -20"><span class='ocrx_word' id='word_1_64' title='bbox 117 1239 283 1311; x_wconf 89' lang='lat' dir='ltr'><strong>terumque</strong></span> <span class='ocrx_word' id='word_1_65' title='bbox 314 1231 352 1294; x_wconf 94' lang='lat' dir='ltr'><strong>ab</strong></span> <span class='ocrx_word' id='word_1_66' title='bbox 381 1233 479 1294; x_wconf 90' lang='lat' dir='ltr'><strong>attero</strong></span> <span class='ocrx_word' id='word_1_67' title='bbox 508 1241 680 1312; x_wconf 85' lang='lat' dir='ltr'><strong>superatur.</strong></span> <span class='ocrx_word' id='word_1_68' title='bbox 736 1233 802 1296; x_wconf 87' lang='lat' dir='ltr'><strong>Hoc</strong></span> <span class='ocrx_word' id='word_1_69' title='bbox 825 1239 923 1294; x_wconf 89' lang='lat' dir='ltr'><strong>antem</strong></span> <span class='ocrx_word' id='word_1_70' title='bbox 947 1231 1057 1295; x_wconf 89' lang='lat' dir='ltr'><strong>accidit</strong></span> <span class='ocrx_word' id='word_1_71' title='bbox 1079 1230 1183 1294; x_wconf 88' lang='lat' dir='ltr'><strong>muudi</strong></span> <span class='ocrx_word' id='word_1_72' title='bbox 1205 1249 1260 1296; x_wconf 86' lang='lat' dir='ltr'><strong>sa-</strong></span> 
     </span>
     <span class='ocr_line' id='line_1_10' title="bbox 115 1336 1261 1421; baseline 0.002 -23"><span class='ocrx_word' id='word_1_73' title='bbox 115 1338 290 1419; x_wconf 88' lang='lat' dir='ltr'><strong>pientibus,</strong></span> <span class='ocrx_word' id='word_1_74' title='bbox 320 1337 351 1400; x_wconf 93' lang='lat' dir='ltr'><strong>id</strong></span> <span class='ocrx_word' id='word_1_75' title='bbox 374 1339 458 1418; x_wconf 83' lang='lat' dir='ltr'><strong>quod</strong></span> <span class='ocrx_word' id='word_1_76' title='bbox 480 1338 753 1421; x_wconf 81' lang='lat' dir='ltr'><strong>intelligentissimo</strong></span> <span class='ocrx_word' id='word_1_77' title='bbox 783 1339 894 1418; x_wconf 90' lang='lat' dir='ltr'><strong>cuique</strong></span> <span class='ocrx_word' id='word_1_78' title='bbox 916 1336 1108 1402; x_wconf 76' lang='lat' dir='ltr'><strong>manifestum</strong></span> <span class='ocrx_word' id='word_1_79' title='bbox 1132 1345 1195 1420; x_wconf 85' lang='lat' dir='ltr'><strong>est,</strong></span> <span class='ocrx_word' id='word_1_80' title='bbox 1228 1345 1261 1400; x_wconf 90' lang='lat' dir='ltr'><strong>ut</strong></span> 
     </span>
     <span class='ocr_line' id='line_1_11' title="bbox 117 1443 1298 1526; baseline -0.001 -21"><span class='ocrx_word' id='word_1_81' title='bbox 117 1446 297 1523; x_wconf 75' lang='lat' dir='ltr'><strong>conspectis</strong></span> <span class='ocrx_word' id='word_1_82' title='bbox 320 1443 423 1506; x_wconf 90' lang='lat' dir='ltr'><strong>mundi</strong></span> <span class='ocrx_word' id='word_1_83' title='bbox 445 1443 665 1506; x_wconf 71' lang='lat' dir='ltr'><strong>summitatibus</strong></span> <span class='ocrx_word' id='word_1_84' title='bbox 687 1445 718 1504; x_wconf 94' lang='lat' dir='ltr'><strong>in</strong></span> <span class='ocrx_word' id='word_1_85' title='bbox 736 1461 838 1505; x_wconf 90' lang='lat' dir='ltr'><strong>rerum</strong></span> <span class='ocrx_word' id='word_1_86' title='bbox 862 1449 968 1506; x_wconf 90' lang='lat' dir='ltr'><strong>natura</strong></span> <span class='ocrx_word' id='word_1_87' title='bbox 993 1443 1298 1526; x_wconf 67' lang='lat' dir='ltr'><strong>conturbarentur,40</strong></span> 
     </span>
     <span class='ocr_line' id='line_1_12' title="bbox 117 1547 1258 1630; baseline -0.003 -19"><span class='ocrx_word' id='word_1_88' title='bbox 117 1552 237 1612; x_wconf 89' lang='lat' dir='ltr'><strong>maiora</strong></span> <span class='ocrx_word' id='word_1_89' title='bbox 260 1548 338 1611; x_wconf 90' lang='lat' dir='ltr'><strong>baec</strong></span> <span class='ocrx_word' id='word_1_90' title='bbox 361 1549 496 1612; x_wconf 88' lang='lat' dir='ltr'><strong>arbitrati</strong></span> <span class='ocrx_word' id='word_1_91' title='bbox 518 1567 607 1630; x_wconf 88' lang='lat' dir='ltr'><strong>qnam</strong></span> <span class='ocrx_word' id='word_1_92' title='bbox 631 1567 712 1628; x_wconf 84' lang='lat' dir='ltr'><strong>quae</strong></span> <span class='ocrx_word' id='word_1_93' title='bbox 734 1549 773 1611; x_wconf 90' lang='lat' dir='ltr'><strong>ab</strong></span> <span class='ocrx_word' id='word_1_94' title='bbox 797 1548 893 1610; x_wconf 88' lang='lat' dir='ltr'><strong>altero</strong></span> <span class='ocrx_word' id='word_1_95' title='bbox 918 1549 1149 1630; x_wconf 79' lang='lat' dir='ltr'><strong>generationem</strong></span> <span class='ocrx_word' id='word_1_96' title='bbox 1172 1547 1258 1610; x_wconf 90' lang='lat' dir='ltr'><strong>reci-</strong></span> 
     </span>
     <span class='ocr_line' id='line_1_13' title="bbox 117 1655 1259 1738; baseline -0.001 -21"><span class='ocrx_word' id='word_1_97' title='bbox 117 1661 246 1738; x_wconf 87' lang='lat' dir='ltr'><strong>perent,</strong></span> <span class='ocrx_word' id='word_1_98' title='bbox 272 1662 303 1717; x_wconf 91' lang='lat' dir='ltr'><strong>et</strong></span> <span class='ocrx_word' id='word_1_99' title='bbox 326 1672 366 1718; x_wconf 93' lang='lat' dir='ltr'><strong>ne</strong></span> <span class='ocrx_word' id='word_1_100' title='bbox 386 1657 581 1717; x_wconf 87' lang='lat' dir='ltr'><strong>coniunctum</strong></span> <span class='ocrx_word' id='word_1_101' title='bbox 600 1655 721 1736; x_wconf 86' lang='lat' dir='ltr'><strong>quidem</strong></span> <span class='ocrx_word' id='word_1_102' title='bbox 744 1655 922 1716; x_wconf 90' lang='lat' dir='ltr'><strong>universum</strong></span> <span class='ocrx_word' id='word_1_103' title='bbox 943 1656 1041 1735; x_wconf 89' lang='lat' dir='ltr'><strong>ipsum</strong></span> <span class='ocrx_word' id='word_1_104' title='bbox 1064 1671 1136 1716; x_wconf 90' lang='lat' dir='ltr'><strong>esse</strong></span> <span class='ocrx_word' id='word_1_105' title='bbox 1159 1655 1259 1717; x_wconf 90' lang='lat' dir='ltr'><strong>deum.</strong></span> 
     </span>
     <span class='ocr_line' id='line_1_14' title="bbox 118 1759 1258 1842; baseline 0.001 -20"><span class='ocrx_word' id='word_1_106' title='bbox 118 1761 365 1824; x_wconf 88' lang='lat' dir='ltr'><strong>Declaraverunt</strong></span> <span class='ocrx_word' id='word_1_107' title='bbox 391 1769 493 1824; x_wconf 78' lang='lat' dir='ltr'><strong>eadem</strong></span> <span class='ocrx_word' id='word_1_108' title='bbox 515 1761 694 1842; x_wconf 88' lang='lat' dir='ltr'><strong>principium</strong></span> <span class='ocrx_word' id='word_1_109' title='bbox 719 1760 876 1823; x_wconf 91' lang='lat' dir='ltr'><strong>doctrinae</strong></span> <span class='ocrx_word' id='word_1_110' title='bbox 899 1759 938 1822; x_wconf 91' lang='lat' dir='ltr'><strong>de</strong></span> <span class='ocrx_word' id='word_1_111' title='bbox 960 1760 1021 1823; x_wconf 92' lang='lat' dir='ltr'><strong>deo</strong></span> <span class='ocrx_word' id='word_1_112' title='bbox 1043 1779 1134 1823; x_wconf 90' lang='lat' dir='ltr'><strong>unam</strong></span> <span class='ocrx_word' id='word_1_113' title='bbox 1156 1779 1258 1824; x_wconf 90' lang='lat' dir='ltr'><strong>rerum</strong></span> 
     </span>
     <span class='ocr_line' id='line_1_15' title="bbox 118 1865 1350 1949; baseline 0.002 -21"><span class='ocrx_word' id='word_1_114' title='bbox 118 1869 187 1928; x_wconf 88' lang='lat' dir='ltr'><strong>visu</strong></span> <span class='ocrx_word' id='word_1_115' title='bbox 209 1877 440 1949; x_wconf 85' lang='lat' dir='ltr'><strong>perceptarum,</strong></span> <span class='ocrx_word' id='word_1_116' title='bbox 464 1885 531 1929; x_wconf 91' lang='lat' dir='ltr'><strong>cum</strong></span> <span class='ocrx_word' id='word_1_117' title='bbox 552 1868 681 1947; x_wconf 86' lang='lat' dir='ltr'><strong>quisque</strong></span> <span class='ocrx_word' id='word_1_118' title='bbox 704 1872 851 1928; x_wconf 88' lang='lat' dir='ltr'><strong>statueret</strong></span> <span class='ocrx_word' id='word_1_119' title='bbox 869 1865 1076 1947; x_wconf 84' lang='lat' dir='ltr'><strong>quodcunque</strong></span> <span class='ocrx_word' id='word_1_120' title='bbox 1100 1875 1259 1946; x_wconf 85' lang='lat' dir='ltr'><strong>praestare</strong></span> <span class='ocrx_word' id='word_1_121' title='bbox 1347 1929 1350 1937; x_wconf 82' lang='grc'><strong>,</strong></span> 
     </span>
     <span class='ocr_line' id='line_1_16' title="bbox 118 1972 1296 2057; baseline -0.003 -19"><span class='ocrx_word' id='word_1_122' title='bbox 118 1973 320 2057; x_wconf 74' lang='lat' dir='ltr'><strong>opinabatur,</strong></span> <span class='ocrx_word' id='word_1_123' title='bbox 360 1979 391 2035; x_wconf 86' lang='lat' dir='ltr'><strong>et</strong></span> <span class='ocrx_word' id='word_1_124' title='bbox 420 1975 460 2034; x_wconf 91' lang='lat' dir='ltr'><strong>ita</strong></span> <span class='ocrx_word' id='word_1_125' title='bbox 490 1991 558 2034; x_wconf 89' lang='lat' dir='ltr'><strong>cum</strong></span> <span class='ocrx_word' id='word_1_126' title='bbox 589 1973 696 2036; x_wconf 86' lang='lat' dir='ltr'><strong>oculos</strong></span> <span class='ocrx_word' id='word_1_127' title='bbox 725 1972 863 2034; x_wconf 82' lang='lat' dir='ltr'><strong>fixissent</strong></span> <span class='ocrx_word' id='word_1_128' title='bbox 891 1973 921 2033; x_wconf 93' lang='lat' dir='ltr'><strong>in</strong></span> <span class='ocrx_word' id='word_1_129' title='bbox 951 1973 1002 2055; x_wconf 83' lang='lat' dir='ltr'><strong>iis,</strong></span> <span class='ocrx_word' id='word_1_130' title='bbox 1038 1991 1118 2052; x_wconf 89' lang='lat' dir='ltr'><strong>quae</strong></span> <span class='ocrx_word' id='word_1_131' title='bbox 1148 1990 1165 2034; x_wconf 91' lang='lat' dir='ltr'><strong>a</strong></span> <span class='ocrx_word' id='word_1_132' title='bbox 1195 1972 1296 2041; x_wconf 76' lang='lat' dir='ltr'><strong>deors</strong></span> 
     </span>
     <span class='ocr_line' id='line_1_17' title="bbox 117 2078 1259 2160; baseline 0 -18"><span class='ocrx_word' id='word_1_133' title='bbox 117 2087 224 2142; x_wconf 89' lang='lat' dir='ltr'><strong>creata</strong></span> <span class='ocrx_word' id='word_1_134' title='bbox 245 2085 315 2141; x_wconf 91' lang='lat' dir='ltr'><strong>snut</strong></span> <span class='ocrx_word' id='word_1_135' title='bbox 332 2097 474 2160; x_wconf 84' lang='lat' dir='ltr'><strong>quaeque</strong></span> <span class='ocrx_word' id='word_1_136' title='bbox 487 2081 523 2141; x_wconf 92' lang='lat' dir='ltr'><strong>ad</strong></span> <span class='ocrx_word' id='word_1_137' title='bbox 540 2079 619 2141; x_wconf 87' lang='lat' dir='ltr'><strong>itiius</strong></span> <span class='ocrx_word' id='word_1_138' title='bbox 635 2087 870 2159; x_wconf 77' lang='lat' dir='ltr'><strong>exsuperantem</strong></span> <span class='ocrx_word' id='word_1_139' title='bbox 887 2078 1124 2160; x_wconf 77' lang='lat' dir='ltr'><strong>magnitudinem</strong></span> <span class='ocrx_word' id='word_1_140' title='bbox 1138 2081 1259 2142; x_wconf 90' lang='lat' dir='ltr'><strong>minima</strong></span> 
     </span>
     <span class='ocr_line' id='line_1_18' title="bbox 117 2184 1259 2268; baseline 0 -20"><span class='ocrx_word' id='word_1_141' title='bbox 117 2191 242 2268; x_wconf 86' lang='lat' dir='ltr'><strong>extant,</strong></span> <span class='ocrx_word' id='word_1_142' title='bbox 266 2203 327 2247; x_wconf 90' lang='lat' dir='ltr'><strong>nou</strong></span> <span class='ocrx_word' id='word_1_143' title='bbox 351 2193 478 2264; x_wconf 84' lang='lat' dir='ltr'><strong>possent</strong></span> <span class='ocrx_word' id='word_1_144' title='bbox 501 2191 602 2247; x_wconf 87' lang='lat' dir='ltr'><strong>autem</strong></span> <span class='ocrx_word' id='word_1_145' title='bbox 626 2185 656 2246; x_wconf 88' lang='lat' dir='ltr'><strong>iu</strong></span> <span class='ocrx_word' id='word_1_146' title='bbox 680 2184 916 2266; x_wconf 80' lang='lat' dir='ltr'><strong>magnitudinem</strong></span> <span class='ocrx_word' id='word_1_147' title='bbox 936 2186 1001 2247; x_wconf 87' lang='lat' dir='ltr'><strong>veri</strong></span> <span class='ocrx_word' id='word_1_148' title='bbox 1020 2184 1070 2248; x_wconf 94' lang='lat' dir='ltr'><strong>dei</strong></span> <span class='ocrx_word' id='word_1_149' title='bbox 1089 2186 1259 2248; x_wconf 81' lang='lat' dir='ltr'><strong>extendere</strong></span> 
     </span>
     <span class='ocr_line' id='line_1_19' title="bbox 116 2289 1257 2374; baseline -0.002 -20"><span class='ocrx_word' id='word_1_150' title='bbox 116 2300 269 2374; x_wconf 86' lang='lat' dir='ltr'><strong>mentem,</strong></span> <span class='ocrx_word' id='word_1_151' title='bbox 300 2291 378 2353; x_wconf 90' lang='lat' dir='ltr'><strong>baec</strong></span> <span class='ocrx_word' id='word_1_152' title='bbox 400 2291 431 2354; x_wconf 92' lang='lat' dir='ltr'><strong>in</strong></span> <span class='ocrx_word' id='word_1_153' title='bbox 454 2291 505 2353; x_wconf 90' lang='lat' dir='ltr'><strong>dei</strong></span> <span class='ocrx_word' id='word_1_154' title='bbox 529 2292 630 2354; x_wconf 90' lang='lat' dir='ltr'><strong>locum</strong></span> <span class='ocrx_word' id='word_1_155' title='bbox 652 2289 852 2354; x_wconf 79' lang='lat' dir='ltr'><strong>suffecerunt.</strong></span> <span class='ocrx_word' id='word_1_156' title='bbox 902 2291 1016 2354; x_wconf 86' lang='lat' dir='ltr'><strong>Persae</strong></span> <span class='ocrx_word' id='word_1_157' title='bbox 1042 2299 1143 2355; x_wconf 87' lang='lat' dir='ltr'><strong>autem</strong></span> <span class='ocrx_word' id='word_1_158' title='bbox 1171 2291 1257 2354; x_wconf 91' lang='lat' dir='ltr'><strong>arbi-</strong></span> 
     </span>
     <span class='ocr_line' id='line_1_20' title="bbox 116 2396 1256 2482; baseline 0.002 -22"><span class='ocrx_word' id='word_1_159' title='bbox 116 2401 186 2461; x_wconf 90' lang='lat' dir='ltr'><strong>trati</strong></span> <span class='ocrx_word' id='word_1_160' title='bbox 210 2415 246 2460; x_wconf 89' lang='lat' dir='ltr'><strong>se</strong></span> <span class='ocrx_word' id='word_1_161' title='bbox 272 2399 302 2458; x_wconf 94' lang='lat' dir='ltr'><strong>in</strong></span> <span class='ocrx_word' id='word_1_162' title='bbox 329 2396 499 2478; x_wconf 87' lang='lat' dir='ltr'><strong>penetralia</strong></span> <span class='ocrx_word' id='word_1_163' title='bbox 528 2399 664 2460; x_wconf 88' lang='lat' dir='ltr'><strong>veritatis</strong></span> <span class='ocrx_word' id='word_1_164' title='bbox 692 2415 878 2482; x_wconf 78' lang='lat' dir='ltr'><strong>progressos</strong></span> <span class='ocrx_word' id='word_1_165' title='bbox 905 2417 976 2462; x_wconf 90' lang='lat' dir='ltr'><strong>esse</strong></span> <span class='ocrx_word' id='word_1_166' title='bbox 999 2397 1142 2462; x_wconf 89' lang='lat' dir='ltr'><strong>dicebant</strong></span> <span class='ocrx_word' id='word_1_167' title='bbox 1165 2398 1256 2463; x_wconf 91' lang='lat' dir='ltr'><strong>deum</strong></span> 
     </span>
     <span class='ocr_line' id='line_1_21' title="bbox 115 2502 1295 2587; baseline 0.001 -20"><span class='ocrx_word' id='word_1_168' title='bbox 115 2505 189 2567; x_wconf 75' lang='lat' dir='ltr'><strong>esde</strong></span> <span class='ocrx_word' id='word_1_169' title='bbox 211 2503 360 2585; x_wconf 90' lang='lat' dir='ltr'><strong>tucidum,</strong></span> <span class='ocrx_word' id='word_1_170' title='bbox 389 2502 488 2564; x_wconf 86' lang='lat' dir='ltr'><strong>lucem</strong></span> <span class='ocrx_word' id='word_1_171' title='bbox 510 2505 542 2564; x_wconf 93' lang='lat' dir='ltr'><strong>in</strong></span> <span class='ocrx_word' id='word_1_172' title='bbox 565 2509 639 2564; x_wconf 76' lang='lat' dir='ltr'><strong>acre</strong></span> <span class='ocrx_word' id='word_1_173' title='bbox 660 2511 847 2568; x_wconf 88' lang='lat' dir='ltr'><strong>contentam.</strong></span> <span class='ocrx_word' id='word_1_174' title='bbox 899 2505 1059 2587; x_wconf 79' lang='lat' dir='ltr'><strong>babylonii</strong></span> <span class='ocrx_word' id='word_1_175' title='bbox 1079 2511 1182 2568; x_wconf 90' lang='lat' dir='ltr'><strong>autem</strong></span> <span class='ocrx_word' id='word_1_176' title='bbox 1206 2505 1295 2579; x_wconf 73' lang='lat' dir='ltr'><strong>di-po</strong></span> 
     </span>
     <span class='ocr_line' id='line_1_22' title="bbox 116 2609 1257 2692; baseline 0.001 -19"><span class='ocrx_word' id='word_1_177' title='bbox 116 2612 231 2673; x_wconf 88' lang='lat' dir='ltr'><strong>cebant</strong></span> <span class='ocrx_word' id='word_1_178' title='bbox 257 2609 345 2671; x_wconf 88' lang='lat' dir='ltr'><strong>deum</strong></span> <span class='ocrx_word' id='word_1_179' title='bbox 375 2625 447 2670; x_wconf 89' lang='lat' dir='ltr'><strong>esse</strong></span> <span class='ocrx_word' id='word_1_180' title='bbox 473 2609 718 2692; x_wconf 89' lang='lat' dir='ltr'><strong>tenebricosum,</strong></span> <span class='ocrx_word' id='word_1_181' title='bbox 748 2610 830 2692; x_wconf 84' lang='lat' dir='ltr'><strong>quod</strong></span> <span class='ocrx_word' id='word_1_182' title='bbox 853 2618 882 2672; x_wconf 92' lang='lat' dir='ltr'><strong>et</strong></span> <span class='ocrx_word' id='word_1_183' title='bbox 905 2611 1003 2691; x_wconf 85' lang='lat' dir='ltr'><strong>ipsum</strong></span> <span class='ocrx_word' id='word_1_184' title='bbox 1031 2611 1156 2674; x_wconf 89' lang='lat' dir='ltr'><strong>atterius</strong></span> <span class='ocrx_word' id='word_1_185' title='bbox 1177 2612 1257 2675; x_wconf 85' lang='lat' dir='ltr'><strong>iltius</strong></span> 
     </span>
     <span class='ocr_line' id='line_1_23' title="bbox 115 2714 1257 2797; baseline -0.001 -16"><span class='ocrx_word' id='word_1_186' title='bbox 115 2733 315 2796; x_wconf 88' lang='lat' dir='ltr'><strong>consequens</strong></span> <span class='ocrx_word' id='word_1_187' title='bbox 338 2714 470 2796; x_wconf 84' lang='lat' dir='ltr'><strong>videtur,</strong></span> <span class='ocrx_word' id='word_1_188' title='bbox 494 2721 616 2776; x_wconf 89' lang='lat' dir='ltr'><strong>noctem</strong></span> <span class='ocrx_word' id='word_1_189' title='bbox 636 2716 716 2776; x_wconf 89' lang='lat' dir='ltr'><strong>enim</strong></span> <span class='ocrx_word' id='word_1_190' title='bbox 736 2715 931 2794; x_wconf 87' lang='lat' dir='ltr'><strong>subsequitur</strong></span> <span class='ocrx_word' id='word_1_191' title='bbox 949 2716 1030 2797; x_wconf 84' lang='lat' dir='ltr'><strong>dica,</strong></span> <span class='ocrx_word' id='word_1_192' title='bbox 1053 2716 1132 2778; x_wconf 93' lang='lat' dir='ltr'><strong>diem</strong></span> <span class='ocrx_word' id='word_1_193' title='bbox 1156 2723 1257 2780; x_wconf 91' lang='lat' dir='ltr'><strong>autem</strong></span> 
     </span>
     <span class='ocr_line' id='line_1_24' title="bbox 115 2821 1257 2904; baseline -0.002 -18"><span class='ocrx_word' id='word_1_194' title='bbox 115 2843 192 2888; x_wconf 89' lang='lat' dir='ltr'><strong>nox.</strong></span> <span class='ocrx_word' id='word_1_195' title='bbox 246 2822 388 2904; x_wconf 77' lang='lat' dir='ltr'><strong>Aegyptii</strong></span> <span class='ocrx_word' id='word_1_196' title='bbox 412 2827 512 2884; x_wconf 91' lang='lat' dir='ltr'><strong>antem</strong></span> <span class='ocrx_word' id='word_1_197' title='bbox 537 2822 669 2883; x_wconf 89' lang='lat' dir='ltr'><strong>omnium</strong></span> <span class='ocrx_word' id='word_1_198' title='bbox 692 2839 728 2883; x_wconf 92' lang='lat' dir='ltr'><strong>se</strong></span> <span class='ocrx_word' id='word_1_199' title='bbox 751 2837 821 2882; x_wconf 89' lang='lat' dir='ltr'><strong>esse</strong></span> <span class='ocrx_word' id='word_1_200' title='bbox 845 2821 1073 2902; x_wconf 85' lang='lat' dir='ltr'><strong>antiquissimos</strong></span> <span class='ocrx_word' id='word_1_201' title='bbox 1093 2823 1152 2885; x_wconf 89' lang='lat' dir='ltr'><strong>rati</strong></span> <span class='ocrx_word' id='word_1_202' title='bbox 1176 2822 1257 2884; x_wconf 84' lang='lat' dir='ltr'><strong>divi-</strong></span> 
     </span>
     <span class='ocr_line' id='line_1_25' title="bbox 115 2925 1256 3007; baseline -0.001 -15"><span class='ocrx_word' id='word_1_203' title='bbox 115 2948 186 2992; x_wconf 90' lang='lat' dir='ltr'><strong>nam</strong></span> <span class='ocrx_word' id='word_1_204' title='bbox 209 2928 269 2989; x_wconf 85' lang='lat' dir='ltr'><strong>vim</strong></span> <span class='ocrx_word' id='word_1_205' title='bbox 294 2974 418 2990; x_wconf 88' lang='grc'><strong>.....</strong></span> <span class='ocrx_word' id='word_1_206' title='bbox 442 2933 655 3006; x_wconf 89' lang='lat' dir='ltr'><strong>computantes</strong></span> <span class='ocrx_word' id='word_1_207' title='bbox 672 2925 733 2988; x_wconf 77' lang='lat' dir='ltr'><strong>&#39;bas</strong></span> <span class='ocrx_word' id='word_1_208' title='bbox 757 2926 915 2990; x_wconf 89' lang='lat' dir='ltr'><strong>distantias</strong></span> <span class='ocrx_word' id='word_1_209' title='bbox 937 2928 1065 3007; x_wconf 91' lang='lat' dir='ltr'><strong>partium</strong></span> <span class='ocrx_word' id='word_1_210' title='bbox 1090 2945 1130 2989; x_wconf 89' lang='lat' dir='ltr'><strong>ex</strong></span> <span class='ocrx_word' id='word_1_211' title='bbox 1152 2927 1256 2992; x_wconf 86' lang='lat' dir='ltr'><strong>divino</strong></span> 
     </span>
     <span class='ocr_line' id='line_1_26' title="bbox 116 3029 1294 3112; baseline 0.002 -15"><span class='ocrx_word' id='word_1_212' title='bbox 116 3035 220 3097; x_wconf 77' lang='lat' dir='ltr'><strong>atlatn</strong></span> <span class='ocrx_word' id='word_1_213' title='bbox 244 3033 389 3096; x_wconf 91' lang='lat' dir='ltr'><strong>dixerunt</strong></span> <span class='ocrx_word' id='word_1_214' title='bbox 413 3032 502 3094; x_wconf 92' lang='lat' dir='ltr'><strong>deum</strong></span> <span class='ocrx_word' id='word_1_215' title='bbox 527 3049 597 3094; x_wconf 89' lang='lat' dir='ltr'><strong>esse</strong></span> <span class='ocrx_word' id='word_1_216' title='bbox 619 3029 782 3094; x_wconf 86' lang='lat' dir='ltr'><strong>monadem</strong></span> <span class='ocrx_word' id='word_1_217' title='bbox 805 3031 964 3094; x_wconf 90' lang='lat' dir='ltr'><strong>indivisam</strong></span> <span class='ocrx_word' id='word_1_218' title='bbox 989 3039 1020 3094; x_wconf 92' lang='lat' dir='ltr'><strong>ct</strong></span> <span class='ocrx_word' id='word_1_219' title='bbox 1041 3033 1135 3112; x_wconf 86' lang='lat' dir='ltr'><strong>ipsam</strong></span> <span class='ocrx_word' id='word_1_220' title='bbox 1157 3041 1294 3099; x_wconf 79' lang='lat' dir='ltr'><strong>semetsu</strong></span> 
     </span>
     <span class='ocr_line' id='line_1_27' title="bbox 116 3138 1256 3225; baseline 0.001 -22"><span class='ocrx_word' id='word_1_221' title='bbox 116 3147 317 3225; x_wconf 83' lang='lat' dir='ltr'><strong>generantem</strong></span> <span class='ocrx_word' id='word_1_222' title='bbox 345 3157 385 3200; x_wconf 94' lang='lat' dir='ltr'><strong>ex</strong></span> <span class='ocrx_word' id='word_1_223' title='bbox 414 3155 513 3218; x_wconf 89' lang='lat' dir='ltr'><strong>eaque</strong></span> <span class='ocrx_word' id='word_1_224' title='bbox 542 3140 642 3200; x_wconf 89' lang='lat' dir='ltr'><strong>omnia</strong></span> <span class='ocrx_word' id='word_1_225' title='bbox 673 3138 859 3201; x_wconf 86' lang='lat' dir='ltr'><strong>constitisse.</strong></span> <span class='ocrx_word' id='word_1_226' title='bbox 914 3139 997 3202; x_wconf 89' lang='lat' dir='ltr'><strong>Haec</strong></span> <span class='ocrx_word' id='word_1_227' title='bbox 1025 3140 1123 3222; x_wconf 87' lang='lat' dir='ltr'><strong>anim,</strong></span> <span class='ocrx_word' id='word_1_228' title='bbox 1149 3141 1256 3225; x_wconf 84' lang='lat' dir='ltr'><strong>inquit,</strong></span> 
     </span>
     <span class='ocr_line' id='line_1_28' title="bbox 115 3243 1257 3327; baseline -0.001 -16"><span class='ocrx_word' id='word_1_229' title='bbox 115 3265 184 3311; x_wconf 89' lang='lat' dir='ltr'><strong>cum</strong></span> <span class='ocrx_word' id='word_1_230' title='bbox 213 3248 277 3326; x_wconf 87' lang='lat' dir='ltr'><strong>ipsa</strong></span> <span class='ocrx_word' id='word_1_231' title='bbox 305 3262 368 3308; x_wconf 92' lang='lat' dir='ltr'><strong>non</strong></span> <span class='ocrx_word' id='word_1_232' title='bbox 395 3251 544 3326; x_wconf 77' lang='lat' dir='ltr'><strong>generata</strong></span> <span class='ocrx_word' id='word_1_233' title='bbox 567 3246 621 3326; x_wconf 85' lang='lat' dir='ltr'><strong>sit,</strong></span> <span class='ocrx_word' id='word_1_234' title='bbox 650 3261 796 3307; x_wconf 88' lang='lat' dir='ltr'><strong>numeros</strong></span> <span class='ocrx_word' id='word_1_235' title='bbox 819 3243 965 3324; x_wconf 89' lang='lat' dir='ltr'><strong>deinceps</strong></span> <span class='ocrx_word' id='word_1_236' title='bbox 987 3252 1133 3327; x_wconf 81' lang='lat' dir='ltr'><strong>generat,</strong></span> <span class='ocrx_word' id='word_1_237' title='bbox 1163 3247 1257 3311; x_wconf 83' lang='lat' dir='ltr'><strong>veluti</strong></span> 
     </span>
     <span class='ocr_line' id='line_1_29' title="bbox 116 3348 1255 3433; baseline -0.003 -16"><span class='ocrx_word' id='word_1_238' title='bbox 116 3354 152 3417; x_wconf 95' lang='lat' dir='ltr'><strong>ad</strong></span> <span class='ocrx_word' id='word_1_239' title='bbox 176 3371 212 3414; x_wconf 91' lang='lat' dir='ltr'><strong>se</strong></span> <span class='ocrx_word' id='word_1_240' title='bbox 235 3369 341 3413; x_wconf 89' lang='lat' dir='ltr'><strong>monas</strong></span> <span class='ocrx_word' id='word_1_241' title='bbox 364 3349 561 3430; x_wconf 87' lang='lat' dir='ltr'><strong>superaddita</strong></span> <span class='ocrx_word' id='word_1_242' title='bbox 583 3359 714 3432; x_wconf 81' lang='lat' dir='ltr'><strong>generat</strong></span> <span class='ocrx_word' id='word_1_243' title='bbox 735 3348 865 3432; x_wconf 84' lang='lat' dir='ltr'><strong>dyadem</strong></span> <span class='ocrx_word' id='word_1_244' title='bbox 889 3357 920 3411; x_wconf 91' lang='lat' dir='ltr'><strong>et</strong></span> <span class='ocrx_word' id='word_1_245' title='bbox 941 3352 1079 3414; x_wconf 78' lang='lat' dir='ltr'><strong>similiter</strong></span> <span class='ocrx_word' id='word_1_246' title='bbox 1100 3353 1255 3433; x_wconf 89' lang='lat' dir='ltr'><strong>superad-</strong></span> 
     </span>
     <span class='ocr_line' id='line_1_30' title="bbox 116 3455 1253 3540; baseline 0 -18"><span class='ocrx_word' id='word_1_247' title='bbox 116 3460 176 3522; x_wconf 86' lang='lat' dir='ltr'><strong>dita</strong></span> <span class='ocrx_word' id='word_1_248' title='bbox 198 3465 330 3540; x_wconf 81' lang='lat' dir='ltr'><strong>generat</strong></span> <span class='ocrx_word' id='word_1_249' title='bbox 351 3456 476 3519; x_wconf 90' lang='lat' dir='ltr'><strong>triadem</strong></span> <span class='ocrx_word' id='word_1_250' title='bbox 500 3463 532 3518; x_wconf 89' lang='lat' dir='ltr'><strong>et</strong></span> <span class='ocrx_word' id='word_1_251' title='bbox 552 3455 699 3518; x_wconf 84' lang='lat' dir='ltr'><strong>tetradem</strong></span> <span class='ocrx_word' id='word_1_252' title='bbox 719 3473 816 3536; x_wconf 83' lang='lat' dir='ltr'><strong>nsque</strong></span> <span class='ocrx_word' id='word_1_253' title='bbox 839 3456 877 3518; x_wconf 88' lang='lat' dir='ltr'><strong>ad</strong></span> <span class='ocrx_word' id='word_1_254' title='bbox 897 3455 1060 3538; x_wconf 89' lang='lat' dir='ltr'><strong>decadem,</strong></span> <span class='ocrx_word' id='word_1_255' title='bbox 1083 3475 1163 3538; x_wconf 84' lang='lat' dir='ltr'><strong>quac</strong></span> <span class='ocrx_word' id='word_1_256' title='bbox 1181 3461 1253 3539; x_wconf 81' lang='lat' dir='ltr'><strong>qui-</strong></span> 
     </span>
     <span class='ocr_line' id='line_1_31' title="bbox 117 3561 1291 3644; baseline 0.002 -18"><span class='ocrx_word' id='word_1_257' title='bbox 117 3566 185 3628; x_wconf 89' lang='lat' dir='ltr'><strong>dem</strong></span> <span class='ocrx_word' id='word_1_258' title='bbox 208 3564 389 3644; x_wconf 92' lang='lat' dir='ltr'><strong>principium</strong></span> <span class='ocrx_word' id='word_1_259' title='bbox 413 3567 444 3624; x_wconf 94' lang='lat' dir='ltr'><strong>et</strong></span> <span class='ocrx_word' id='word_1_260' title='bbox 465 3561 533 3624; x_wconf 88' lang='lat' dir='ltr'><strong>finis</strong></span> <span class='ocrx_word' id='word_1_261' title='bbox 557 3563 754 3622; x_wconf 88' lang='lat' dir='ltr'><strong>numerorum</strong></span> <span class='ocrx_word' id='word_1_262' title='bbox 775 3567 838 3642; x_wconf 88' lang='lat' dir='ltr'><strong>cst,</strong></span> <span class='ocrx_word' id='word_1_263' title='bbox 860 3563 901 3622; x_wconf 91' lang='lat' dir='ltr'><strong>ita</strong></span> <span class='ocrx_word' id='word_1_264' title='bbox 922 3569 955 3624; x_wconf 88' lang='lat' dir='ltr'><strong>ut</strong></span> <span class='ocrx_word' id='word_1_265' title='bbox 975 3562 1085 3625; x_wconf 84' lang='lat' dir='ltr'><strong>existat</strong></span> <span class='ocrx_word' id='word_1_266' title='bbox 1106 3566 1201 3644; x_wconf 91' lang='lat' dir='ltr'><strong>prima</strong></span> <span class='ocrx_word' id='word_1_267' title='bbox 1222 3571 1291 3634; x_wconf 82' lang='lat' dir='ltr'><strong>etan</strong></span> 
     </span>
     <span class='ocr_line' id='line_1_32' title="bbox 116 3665 1252 3749; baseline 0.001 -16"><span class='ocrx_word' id='word_1_268' title='bbox 116 3671 235 3733; x_wconf 90' lang='lat' dir='ltr'><strong>decima</strong></span> <span class='ocrx_word' id='word_1_269' title='bbox 257 3685 381 3746; x_wconf 89' lang='lat' dir='ltr'><strong>monas,</strong></span> <span class='ocrx_word' id='word_1_270' title='bbox 403 3673 568 3747; x_wconf 90' lang='lat' dir='ltr'><strong>propterea</strong></span> <span class='ocrx_word' id='word_1_271' title='bbox 591 3665 674 3747; x_wconf 86' lang='lat' dir='ltr'><strong>qnod</strong></span> <span class='ocrx_word' id='word_1_272' title='bbox 697 3667 786 3730; x_wconf 90' lang='lat' dir='ltr'><strong>etiam</strong></span> <span class='ocrx_word' id='word_1_273' title='bbox 804 3666 899 3729; x_wconf 83' lang='lat' dir='ltr'><strong>decas</strong></span> <span class='ocrx_word' id='word_1_274' title='bbox 916 3667 1048 3730; x_wconf 90' lang='lat' dir='ltr'><strong>candem</strong></span> <span class='ocrx_word' id='word_1_275' title='bbox 1067 3669 1252 3749; x_wconf 83' lang='lat' dir='ltr'><strong>potestatem</strong></span> 
     </span>
     <span class='ocr_line' id='line_1_33' title="bbox 117 3771 1253 3855; baseline 0.003 -17"><span class='ocrx_word' id='word_1_276' title='bbox 117 3776 207 3839; x_wconf 89' lang='lat' dir='ltr'><strong>babet</strong></span> <span class='ocrx_word' id='word_1_277' title='bbox 229 3779 261 3836; x_wconf 90' lang='lat' dir='ltr'><strong>et</strong></span> <span class='ocrx_word' id='word_1_278' title='bbox 282 3780 460 3835; x_wconf 86' lang='lat' dir='ltr'><strong>numeratur</strong></span> <span class='ocrx_word' id='word_1_279' title='bbox 480 3789 537 3852; x_wconf 85' lang='lat' dir='ltr'><strong>pro</strong></span> <span class='ocrx_word' id='word_1_280' title='bbox 561 3771 707 3855; x_wconf 84' lang='lat' dir='ltr'><strong>monade,</strong></span> <span class='ocrx_word' id='word_1_281' title='bbox 731 3779 761 3833; x_wconf 92' lang='lat' dir='ltr'><strong>et</strong></span> <span class='ocrx_word' id='word_1_282' title='bbox 780 3772 857 3836; x_wconf 91' lang='lat' dir='ltr'><strong>baec</strong></span> <span class='ocrx_word' id='word_1_283' title='bbox 875 3771 1117 3854; x_wconf 88' lang='lat' dir='ltr'><strong>decies-sumpta</strong></span> <span class='ocrx_word' id='word_1_284' title='bbox 1141 3778 1253 3842; x_wconf 83' lang='lat' dir='ltr'><strong>evadet</strong></span> 
     </span>
     <span class='ocr_line' id='line_1_34' title="bbox 116 3865 1251 3963; baseline 0.004 -21"><span class='ocrx_word' id='word_1_285' title='bbox 116 3879 295 3943; x_wconf 86' lang='lat' dir='ltr'><strong>hecatontas</strong></span> <span class='ocrx_word' id='word_1_286' title='bbox 326 3865 357 3940; x_wconf 87' lang='lat' dir='ltr'><strong>et</strong></span> <span class='ocrx_word' id='word_1_287' title='bbox 385 3895 491 3940; x_wconf 82' lang='lat' dir='ltr'><strong>mrsus</strong></span> <span class='ocrx_word' id='word_1_288' title='bbox 519 3877 553 3940; x_wconf 88' lang='lat' dir='ltr'><strong>iit</strong></span> <span class='ocrx_word' id='word_1_289' title='bbox 578 3895 701 3960; x_wconf 88' lang='lat' dir='ltr'><strong>monas,</strong></span> <span class='ocrx_word' id='word_1_290' title='bbox 717 3886 765 3940; x_wconf 63' lang='lat' dir='ltr'><strong>»et</strong></span> <span class='ocrx_word' id='word_1_291' title='bbox 792 3878 972 3942; x_wconf 85' lang='lat' dir='ltr'><strong>hecatontas</strong></span> <span class='ocrx_word' id='word_1_292' title='bbox 1001 3879 1251 3963; x_wconf 85' lang='lat' dir='ltr'><strong>decies-sumpta</strong></span> 
     </span>
     <span class='ocr_line' id='line_1_35' title="bbox 116 3983 1250 4070; baseline 0.004 -22"><span class='ocrx_word' id='word_1_293' title='bbox 116 3987 205 4048; x_wconf 81' lang='lat' dir='ltr'><strong>saciet</strong></span> <span class='ocrx_word' id='word_1_294' title='bbox 228 3983 388 4047; x_wconf 83' lang='lat' dir='ltr'><strong>chiliadem</strong></span> <span class='ocrx_word' id='word_1_295' title='bbox 413 3990 445 4046; x_wconf 87' lang='lat' dir='ltr'><strong>et</strong></span> <span class='ocrx_word' id='word_1_296' title='bbox 467 3983 544 4046; x_wconf 88' lang='lat' dir='ltr'><strong>baec</strong></span> <span class='ocrx_word' id='word_1_297' title='bbox 564 3985 622 4046; x_wconf 92' lang='lat' dir='ltr'><strong>erit</strong></span> <span class='ocrx_word' id='word_1_298' title='bbox 641 4001 757 4047; x_wconf 86' lang='lat' dir='ltr'><strong>monas.</strong></span> <span class='ocrx_word' id='word_1_299' title='bbox 800 3983 842 4047; x_wconf 91' lang='lat' dir='ltr'><strong>lta</strong></span> <span class='ocrx_word' id='word_1_300' title='bbox 861 3989 892 4048; x_wconf 86' lang='lat' dir='ltr'><strong>et</strong></span> <span class='ocrx_word' id='word_1_301' title='bbox 910 3985 994 4048; x_wconf 89' lang='lat' dir='ltr'><strong>milia</strong></span> <span class='ocrx_word' id='word_1_302' title='bbox 1009 3983 1116 4052; x_wconf 88' lang='lat' dir='ltr'><strong>decies</strong></span> <span class='ocrx_word' id='word_1_303' title='bbox 1131 3998 1250 4070; x_wconf 89' lang='lat' dir='ltr'><strong>sumpta</strong></span> 
     </span>
    </p>
   </div>
   <div class='ocr_carea' id='block_1_3' title="bbox 114 4168 1250 4513">
    <p class='ocr_par' dir='ltr' id='par_1_4' title="bbox 114 4168 1250 4513">
     <span class='ocr_line' id='line_1_36' title="bbox 116 4168 1250 4244; baseline 0.001 -19"><span class='ocrx_word' id='word_1_304' title='bbox 116 4169 178 4226; x_wconf 76' lang='lat' dir='ltr'><strong>Post</strong></span> <span class='ocrx_word' id='word_1_305' title='bbox 196 4169 315 4242; x_wconf 68' lang='lat' dir='ltr'><strong>dirupta</strong></span> <span class='ocrx_word' id='word_1_306' title='bbox 332 4169 408 4238; x_wconf 70' lang='lat' dir='ltr'><strong>signa</strong></span> <span class='ocrx_word' id='word_1_307' title='bbox 427 4169 542 4223; x_wconf 83' lang='lat' dir='ltr'><strong>lacunae</strong></span> <span class='ocrx_word' id='word_1_308' title='bbox 561 4170 712 4239; x_wconf 82' lang='lat' dir='ltr'><strong>posuimus.</strong></span> <span class='ocrx_word' id='word_1_309' title='bbox 827 4173 872 4224; x_wconf 84' lang='grc'><strong>66.</strong></span> <span class='ocrx_word' id='word_1_310' title='bbox 892 4170 922 4224; x_wconf 77' lang='grc' dir='ltr'><strong>τά</strong></span> <span class='ocrx_word' id='word_1_311' title='bbox 939 4189 964 4224; x_wconf 80' lang='grc' dir='ltr'><strong>τε</strong></span> <span class='ocrx_word' id='word_1_312' title='bbox 980 4171 1062 4224; x_wconf 76' lang='lat' dir='ltr'><strong>dacer.</strong></span> <span class='ocrx_word' id='word_1_313' title='bbox 1080 4168 1109 4224; x_wconf 86' lang='lat' dir='ltr'><strong>tt</strong></span> <span class='ocrx_word' id='word_1_314' title='bbox 1197 4193 1250 4244; x_wconf 77' lang='grc' dir='ltr'><strong>μυ-</strong></span> 
     </span>
     <span class='ocr_line' id='line_1_37' title="bbox 115 4257 1225 4336; baseline -0.001 -20"><span class='ocrx_word' id='word_1_315' title='bbox 115 4259 207 4336; x_wconf 80' lang='lat' dir='ltr'><strong>pairC</strong></span> <span class='ocrx_word' id='word_1_316' title='bbox 298 4263 417 4321; x_wconf 68' lang='grc' dir='ltr'><strong>ἐπινοίας</strong></span> <span class='ocrx_word' id='word_1_317' title='bbox 434 4257 455 4314; x_wconf 87' lang='lat' dir='ltr'><strong>G</strong></span> <span class='ocrx_word' id='word_1_318' title='bbox 474 4257 503 4313; x_wconf 97' lang='grc' dir='ltr'><strong>Μ</strong></span> <span class='ocrx_word' id='word_1_319' title='bbox 612 4262 656 4314; x_wconf 84' lang='grc'><strong>69.</strong></span> <span class='ocrx_word' id='word_1_320' title='bbox 675 4263 778 4330; x_wconf 68' lang='lat' dir='ltr'><strong>pacuvi</strong></span> <span class='ocrx_word' id='word_1_321' title='bbox 795 4259 824 4314; x_wconf 90' lang='grc' dir='ltr'><strong>Μ</strong></span> <span class='ocrx_word' id='word_1_322' title='bbox 931 4265 976 4315; x_wconf 78' lang='lat' dir='ltr'><strong>ta.</strong></span> <span class='ocrx_word' id='word_1_323' title='bbox 995 4261 1225 4332; x_wconf 70' lang='lat' dir='ltr'><strong>inmpoubaiucC</strong></span> 
     </span>
     <span class='ocr_line' id='line_1_38' title="bbox 115 4347 1249 4424; baseline -0.002 -16"><span class='ocrx_word' id='word_1_324' title='bbox 115 4357 155 4410; x_wconf 77' lang='lat' dir='ltr'><strong>te.</strong></span> <span class='ocrx_word' id='word_1_325' title='bbox 174 4353 189 4420; x_wconf 75' lang='grc' dir='ltr'><em>ἢ</em></span> <span class='ocrx_word' id='word_1_326' title='bbox 207 4352 276 4424; x_wconf 74' lang='grc' dir='ltr'><strong>ἀρχὴ</strong></span> <span class='ocrx_word' id='word_1_327' title='bbox 295 4351 367 4406; x_wconf 83' lang='lat' dir='ltr'><strong>coni.</strong></span> <span class='ocrx_word' id='word_1_328' title='bbox 385 4347 416 4404; x_wconf 86' lang='grc' dir='ltr'><strong>Μ</strong></span> <span class='ocrx_word' id='word_1_329' title='bbox 539 4351 583 4405; x_wconf 82' lang='grc'><strong>75.</strong></span> <span class='ocrx_word' id='word_1_330' title='bbox 609 4352 655 4404; x_wconf 79' lang='lat' dir='ltr'><strong>aci</strong></span> <span class='ocrx_word' id='word_1_331' title='bbox 672 4352 686 4418; x_wconf 76' lang='grc' dir='ltr'><strong><em>ἦ</em></strong></span> <span class='ocrx_word' id='word_1_332' title='bbox 705 4351 841 4413; x_wconf 67' lang='lat' dir='ltr'><strong>demortuis</strong></span> <span class='ocrx_word' id='word_1_333' title='bbox 859 4350 1019 4424; x_wconf 82' lang='lat' dir='ltr'><strong>Roeperua:</strong></span> <span class='ocrx_word' id='word_1_334' title='bbox 1044 4352 1095 4406; x_wconf 75' lang='lat' dir='ltr'><strong>ads</strong></span> <span class='ocrx_word' id='word_1_335' title='bbox 1112 4351 1127 4417; x_wconf 78' lang='grc' dir='ltr'><strong><em>ἡ</em></strong></span> <span class='ocrx_word' id='word_1_336' title='bbox 1144 4353 1249 4406; x_wconf 71' lang='lat' dir='ltr'><strong>iactor-</strong></span> 
     </span>
     <span class='ocr_line' id='line_1_39' title="bbox 114 4439 561 4513; baseline -0.018 -11"><span class='ocrx_word' id='word_1_337' title='bbox 114 4449 154 4509; x_wconf 76' lang='grc' dir='ltr'><strong>τὰς</strong></span> <span class='ocrx_word' id='word_1_338' title='bbox 171 4443 194 4500; x_wconf 87' lang='lat' dir='ltr'>C</span> <span class='ocrx_word' id='word_1_339' title='bbox 212 4443 241 4499; x_wconf 97' lang='grc' dir='ltr'><strong>Μ</strong></span> <span class='ocrx_word' id='word_1_340' title='bbox 356 4445 401 4497; x_wconf 82' lang='grc'><strong>76.</strong></span> <span class='ocrx_word' id='word_1_341' title='bbox 420 4441 513 4513; x_wconf 66' lang='grc' dir='ltr'><strong><em>ποιήσῃ</em></strong></span> <span class='ocrx_word' id='word_1_342' title='bbox 531 4439 561 4495; x_wconf 87' lang='grc' dir='ltr'><strong>Μ</strong></span> 
     </span>
    </p>
   </div>
   <div class='ocr_carea' id='block_1_4' title="bbox 0 0 1508 4976">
    <p class='ocr_par' dir='ltr' id='par_1_5' title="bbox 0 0 1508 4976">
     <span class='ocr_line' id='line_1_40' title="bbox 0 0 1508 4976; baseline 0 0"><span class='ocrx_word' id='word_1_343' title='bbox 0 0 1508 4976; x_wconf 95' lang='lat' dir='ltr'><strong> </strong></span> 
     </span>
    </p>
   </div>
  </div>
 </body>
</html>
