3056 4970
626 340 729 399 stttob
752 339 880 401 stubs,
1101 283 1103 288 ‘
1264 339 1328 406 247

271 501 320 568 15.
365 503 487 568 Fluvios
509 505 610 600 igitur,
632 505 739 590 inquit,
761 505 929 589 egrediens
952 526 992 571 ex
1014 506 1110 570 Edem
1135 506 1279 571 dividitur
1296 509 1327 570 in

181 613 326 690 quattuor
350 609 465 690 capita,
499 607 623 672 canales
647 615 809 694 quattuor,
841 609 902 674 boc
925 619 971 674 est
993 611 1023 674 in
1047 619 1191 694 quattuor
1214 629 1326 678 sensns

181 711 266 795 nati,
284 712 400 793 visum,
424 707 577 792 auditum,
600 710 762 795 olfactum,
793 720 915 796 gustum
938 719 969 776 et
991 720 1113 777 tactum.
1157 714 1221 779 llos
1245 717 1325 778 enirn

179 814 267 878 solos
288 812 381 878 babet
402 829 512 876 sensus
535 815 566 876 in
590 813 732 896 paradiso
755 815 903 898 figuratus
925 817 1037 883 inians.
1082 817 1166 882 llaec
1189 827 1251 903 est,
1273 823 1325 882 in-

181 919 254 1000 quit,
275 917 326 980 lex
348 935 438 999 quarn
460 919 563 998 posuit
585 917 688 982 lloses
720 926 748 981 et
776 918 924 983 tad-hanc
957 921 1053 1002 ipsam
1084 920 1187 1005 legem
1220 923 1364 1004 scriptino

180 1029 253 1086 sunt
274 1022 387 1103 singuli
408 1021 488 1105 libri,
510 1028 544 1084 ut
568 1023 784 1105 inscriptiones
808 1024 975 1091 declarant.
1019 1026 1135 1090 Primus
1157 1025 1238 1088 liber
1261 1027 1326 1090 Ge-

180 1129 273 1190 nesis.
317 1125 505 1210 sufficiebat,
529 1126 639 1209 inquit,
662 1127 700 1191 ed
724 1129 933 1210 cognitionem
956 1128 1119 1192 universae
1141 1129 1189 1192 rei
1211 1130 1325 1192 inscri-

180 1233 244 1314 ptio
266 1230 344 1294 iibri.
389 1230 473 1295 llaec
495 1231 591 1315 enim,
615 1232 728 1315 inquit,
751 1238 798 1294 est
821 1231 951 1296 Genesis
979 1233 1081 1316 visus,
1104 1233 1135 1296 in
1159 1251 1249 1314 quem
1274 1233 1324 1296 di-

180 1335 292 1400 viditur
321 1333 404 1398 fluvii
432 1336 531 1399 sectio
565 1353 636 1399 nna.
695 1335 887 1418 Conspectus
917 1338 996 1401 enim
1029 1345 1079 1400 εει
1107 1335 1238 1401 mundus
1269 1355 1326 1418 per

179 1441 289 1504 visum.
333 1438 493 1519 Inscriptio
516 1455 623 1502 rursus
647 1438 772 1504 alterius
794 1439 864 1504 libri
886 1441 1020 1506 Exodus.
1056 1440 1228 1523 Oportebat
1243 1443 1362 1506 enimet

179 1544 210 1608 id
236 1543 317 1626 quod
339 1550 441 1606 natmn
465 1549 531 1605 erat
553 1549 711 1624 permeato
727 1545 801 1607 mari
823 1543 916 1609 rubro
938 1547 1103 1626 pervenire
1122 1548 1151 1609 in
1169 1545 1324 1610 desertum

181 1653 277 1731 (mare
291 1646 416 1711 rubrum
433 1655 546 1732 antem,
568 1648 717 1732 inquiunt,
740 1646 813 1712 dicit
827 1648 1020 1734 sanguinem)
1043 1657 1072 1712 et
1087 1657 1213 1732 gustare
1235 1669 1324 1715 ama-

178 1771 245 1817 rarn
268 1771 386 1836 aquam.
431 1752 543 1816 Amare
567 1753 657 1836 enim,
681 1753 788 1836 inquit,
811 1759 857 1816 cst
881 1771 970 1835 aqua,
993 1772 1074 1836 quae
1096 1762 1143 1818 est
1157 1762 1323 1837 postmarc

178 1857 314 1940 rubrum,
337 1875 417 1938 qnae
440 1855 561 1938 quidem
584 1863 631 1920 est
654 1855 736 1938 quod
758 1856 918 1920 coniicitur
940 1857 999 1920 iter
1021 1875 1078 1939 per
1099 1861 1189 1923 vitam
1209 1861 1322 1942 cogni-

179 1957 271 2028 tionis
293 1979 546 2026 aerumnosorum
573 1968 603 2023 et
625 1978 809 2025 amarorum.
855 1961 1044 2024 Conversum
1068 1972 1171 2027 cutem
1190 1983 1207 2028 a
1226 1964 1323 2047 Mose,
1332 1977 1363 2029 to

180 2069 239 2132 boc
262 2074 309 2132 est
332 2087 350 2132 e
372 2067 464 2150 lopo,
495 2084 629 2129 amarum
659 2066 733 2130 illud
766 2066 878 2130 evadet
909 2066 1009 2132 dulce.
1063 2068 1102 2132 Et
1123 2068 1201 2134 hacc
1223 2071 1264 2132 ita
1287 2089 1323 2135 sc

179 2171 294 2235 babere
323 2169 418 2253 vulgo
446 2168 518 2232 licet
547 2168 585 2232 ab
613 2171 766 2234 universis
797 2170 964 2256 exaudire,
999 2173 1050 2252 qui
1083 2179 1191 2255 poetes
1223 2175 1322 2238 secuti

179 2277 301 2340 dicunt:

220 2379 337 2445 liadice
360 2375 483 2458 quidem
507 2384 603 2440 atrurn
627 2385 703 2461 eret,
725 2377 795 2442 lacti
817 2383 916 2443 nutem
940 2377 1036 2441 simile
1059 2375 1154 2454 flore;

221 2483 305 2566 bloly
326 2488 426 2546 autern
449 2479 482 2543 id
504 2488 618 2547 vocant
641 2481 691 2564 dii,
713 2481 841 2546 arduum
865 2488 966 2546 autern
990 2487 1036 2545 est
1060 2480 1097 2544 ad
1116 2478 1361 2543 effodiendumae

221 2585 400 2652 Hominibus
423 2591 509 2648 certe
531 2584 727 2664 mortalibus3
750 2584 790 2648 dii
803 2592 902 2648 autem
915 2584 1055 2669 prolecto
1071 2585 1171 2647 omniu
1183 2593 1322 2664 possunt.

265 2762 315 2827 16.
360 2762 485 2844 Sufficit,
507 2763 613 2847 inquit,
636 2762 718 2844 quod
741 2762 853 2826 dictum
876 2769 924 2825 est
946 2781 963 2826 a
981 2763 1129 2866 gentibus
1153 2760 1191 2825 ad
1209 2759 1322 2842 cogni-

179 2872 294 2936 tionem
316 2869 481 2932 universae
503 2868 550 2929 rei
573 2868 620 2950 iis,
644 2869 696 2948 qui
719 2866 834 2930 babent
855 2883 947 2942 aures
970 2866 1101 2948 inditus.
1135 2865 1210 2928 Nam
1230 2863 1322 2944 bunc,

178 2975 294 3059 inquit,
319 2972 449 3036 fructum
484 2972 535 3053 qui
564 2974 714 3057 gnstavit,
746 2971 877 3036 acirce
899 2987 962 3034 non
986 2971 1017 3034 in
1039 2970 1166 3034 bestiam
1190 2974 1322 3031 mutatus

179 3086 227 3142 est
248 3077 351 3160 solus,
374 3093 479 3139 verum
502 3077 591 3138 ctiam
616 3093 688 3157 eos,
711 3077 764 3157 qni
786 3075 845 3138 iam
869 3077 972 3140 mutati
995 3081 1092 3158 erant,
1115 3074 1230 3137 viribus
1252 3072 1359 3144 lalisio

178 3183 294 3247 fructus
320 3197 394 3245 usus
418 3182 450 3243 in
480 3181 605 3261 primam
635 3179 715 3243 illam
745 3179 929 3262 peculiarem
959 3197 1064 3244 corum
1093 3179 1269 3241 reformavit
1292 3185 1322 3240 et

177 3285 299 3349 refinxit
323 3293 355 3348 ει
375 3284 532 3347 revocavit
553 3283 699 3364 speciem.
751 3281 862 3346 Fidelis
885 3289 988 3346 autem
1011 3284 1057 3345 vir
1080 3283 1167 3362 isque
1192 3280 1321 3343 dilectus

179 3401 197 3455 ε’
226 3387 365 3454 venefico
393 3387 442 3450 illa
473 3403 530 3468 per
561 3386 691 3450 lacteum
724 3392 755 3448 et
784 3385 917 3449 divinum
940 3385 1021 3449 illum
1045 3384 1192 3467 fructum,
1215 3386 1320 3466 inquit,

178 3494 341 3558 invenitur.
394 3489 546 3553 leviticus
570 3480 708 3552 similiter
728 3491 835 3553 tertius
857 3488 945 3574 liber,
979 3493 1029 3570 qui
1054 3488 1175 3570 quidem
1200 3496 1247 3551 εει
1270 3487 1321 3549 ol-

179 3597 278 3662 factus
301 3595 349 3659 vel
371 3595 542 3676 respiratio.
589 3591 812 3657 Sacrificiorum
837 3593 917 3654 enim
935 3599 966 3654 et
986 3593 1172 3656 oblationum
1190 3591 1358 3656 estnni-ac

178 3718 286 3768 versus
309 3701 368 3763 isto
389 3699 474 3763 liber.
520 3699 700 3778 Ubicunque
719 3705 822 3789 autem
848 3705 894 3759 cst
918 3697 1114 3779 sacrificinm,
1145 3695 1225 3759 odor
1248 3693 1319 3775 qni-

179 3807 247 3870 dam
267 3806 369 3869 suavis
392 3802 584 3867 odoramenti
607 3822 623 3866 a
647 3801 797 3866 sacrificio
817 3818 874 3881 per
896 3799 1066 3863 suffimenta
1089 3800 1203 3882 existit,
1238 3799 1320 3862 circa

178 3907 261 3992 qnod
285 3907 517 3972 odoramentum
540 3906 682 3970 olfactum
707 3921 777 3968 csse
794 3903 1047 3986 experimentum.
1074 3901 1209 3985 Numeri,
1224 3920 1321 3983 qnar-

178 4099 224 4152 40.
254 4091 393 4168 πικρόνῦ
508 4097 553 4150 44.
579 4093 632 4149 Od.
652 4093 689 4160 X,
708 4094 762 4150 304
780 4109 840 4164 sqq.
930 4094 987 4146 luxu
1005 4086 1092 4146 omC
1205 4091 1251 4143 46.
1276 4085 1323 4140 dd·

180 4191 275 4242 νανται
291 4205 315 4240 τε
341 4182 363 4241 C
479 4186 524 4241 47.
549 4185 577 4238 τὸ
595 4184 680 4241 0an
795 4184 840 4239 48.
867 4181 949 4243 ἀκοὰς
968 4219 1081 4237 .....
1099 4179 1161 4245 scic
1179 4176 1214 4232 C:
1240 4177 1323 4237 ἀκοὰς

179 4279 297 4346 innodo
315 4279 388 4334 corti.
407 4275 447 4333 Μ.
491 4275 533 4331 cl.
552 4279 571 4330 2
587 4273 659 4331 Mos.
680 4277 722 4342 15,
747 4278 783 4332 26
806 4275 869 4330 ’Πὰν
886 4275 953 4349 ἀκοῇ
970 4273 1084 4344 ἀκούσῃς
1100 4289 1124 4323 κ.
1144 4288 1163 4322 ι.
1182 4271 1206 4321 ι.
1226 4275 1254 4320 et
1271 4283 1323 4318 su-

181 4387 230 4442 pra
248 4369 299 4424 lin.
313 4371 365 4436 et,
392 4369 440 4424 ubi
458 4376 522 4440 poet
540 4365 635 4438 ὅρασιν
652 4365 753 4436 legitur
771 4367 854 4434 ἀκοήν
968 4365 1013 4418 52.
1032 4354 1188 4414 lvdniccsC
1278 4358 1322 4412 56.

183 4461 199 4529 ἦ
218 4477 263 4516 om
282 4457 304 4514 C
