2920 4982
100 345 388 408 uhctttrtttlrto:
401 327 558 406 nihilis.
567 345 763 404 Clith'l'llUS.
773 343 1164 404 uttoututmttttooortm.
1179 339 1243 404 527

101 512 270 598 prophetas
294 530 389 597 opera
412 513 622 598 concinnavit,
646 512 816 578 dissolvere
839 530 896 577 eos
919 520 1059 598 conatus,
1083 512 1170 595 quasi
1192 513 1282 594 quim

102 622 264 686 mendacia
286 619 382 685 locuti
404 621 464 686 sint
491 639 593 703 neque
627 621 716 684 deum
747 622 965 706 cognoverinl3
991 638 1164 703 carnesque
1185 639 1245 703 pe-

101 731 168 794 rire
189 730 387 795 consimiliter
407 728 554 794 liarcioni
577 727 661 792 dicit.

191 853 244 920 21.
290 853 454 920 Corinthus
478 861 595 940 autem,
630 852 697 937 ipse
724 854 754 916 in
783 855 926 938 Aegypto
956 852 1111 936 excultus,
1141 869 1246 914 nona

102 965 203 1048 primo
228 965 286 1029 deo
309 963 420 1027 iactum
445 981 515 1029 osae
539 962 681 1027 anundum
705 961 817 1047 voluit,
847 963 901 1026 sed
932 980 949 1025 a
978 961 1089 1024 virtute
1113 957 1244 1041 quadam

103 1071 246 1156 angelica
268 1071 362 1153 longe
384 1079 526 1154 seperate
551 1078 582 1134 et
605 1070 736 1135 distante
762 1071 799 1134 ah
830 1088 867 1135 ea
894 1069 1135 1153 principalitate,
1165 1081 1283 1149 quaese

105 1186 155 1244 est
179 1197 273 1262 super
293 1179 456 1262 universa,
480 1185 511 1241 et
532 1179 697 1263 ignorante
731 1176 839 1262 deum,
876 1181 927 1261 qui
950 1186 1114 1258 estsuper
1137 1175 1248 1238 omnia.

103 1287 205 1352 lesum
228 1292 328 1352 aulem
353 1287 425 1351 dicit
447 1305 510 1349 non
535 1304 575 1350 ex
596 1287 716 1368 virgine
741 1303 812 1350 esso
835 1291 1034 1369 generatum,
1061 1288 1165 1347 natum
1188 1300 1248 1346 au·

106 1401 167 1460 tem
191 1413 262 1460 esse
286 1413 354 1460 eum
378 1412 417 1458 ex
439 1393 571 1477 losepho
596 1401 627 1458 et
648 1394 744 1458 hieria
769 1393 861 1457 lilium
892 1392 1092 1458 consimiliter
1124 1391 1249 1473 reliquis

106 1504 295 1587 hominihus,
322 1512 353 1568 et
376 1503 562 1568 excelluisse
589 1504 700 1568 iustitia
733 1510 764 1568 et
794 1502 955 1586 prudentia
984 1509 1015 1565 et
1046 1499 1249 1584 intelligentia

107 1631 199 1695 supra
224 1629 331 1676 omnes
353 1609 501 1693 reliquos.
558 1609 597 1675 Et
618 1619 688 1695 post
710 1611 892 1696 baptismum
922 1611 1085 1676 devenisse
1115 1608 1147 1672 in
1177 1619 1288 1672 sumto

107 1720 146 1784 ah
170 1736 207 1782 ea
229 1717 466 1801 principalitate,
497 1736 577 1800 quaa
601 1727 763 1802 estsuper
790 1721 901 1805 omnia,
925 1718 1075 1784 Christum
1098 1717 1129 1781 in
1152 1713 1249 1799 figura

107 1823 286 1908 columbae,
317 1832 348 1887 et
373 1831 436 1887 lum
473 1823 668 1896 nunciavissa
700 1829 889 1910 incognitum
924 1833 1038 1910 patrem
1071 1833 1101 1889 et
1123 1825 1250 1888 virtutes

107 1933 286 2017 perfecisse,
306 1931 364 1996 suh
385 1931 476 1996 linem
501 1939 602 1997 aulem
625 1935 779 2016 passionis
802 1935 944 2000 avolasse
963 1933 1113 1998 Christum
1137 1933 1250 2010 alesu;

105 2057 231 2123 passum
255 2057 325 2104 esse
347 2039 463 2115 lesum,
495 2037 648 2104 Christum
673 2049 774 2106 autem
799 2061 816 2108 a
839 2041 985 2126 patiendo
1009 2041 1137 2105 liberum
1162 2059 1250 2104 man-

106 2147 201 2232 sisse,
224 2164 291 2211 cum
316 2153 400 2212 esset
425 2147 547 2230 spiritus
571 2147 695 2215 domini.
1259 2157 1289 2208 lo

193 2271 247 2336 22.
290 2270 441 2336 Ebionaci
464 2277 566 2336 aulem
588 2273 732 2335 mundum
757 2272 880 2354 quidam
903 2272 941 2336 ab
964 2292 1022 2358 eo,
1044 2273 1096 2355 qui
1119 2291 1155 2337 re
1178 2292 1253 2337 vero

110 2379 188 2444 deus
212 2386 272 2462 est,
294 2378 407 2443 lactum
432 2397 504 2443 asse
527 2380 645 2464 dicunt,
670 2380 822 2446 Christum
847 2389 947 2446 sutem
970 2383 1170 2446 consimiliter
1189 2380 1253 2445 Ce-

107 2487 220 2553 rintho.
262 2487 359 2553 Vitem
384 2495 484 2552 aulem
508 2493 603 2569 agunt
625 2506 681 2572 per
705 2491 804 2554 omnia
834 2488 1002 2555 secundum
1023 2490 1124 2574 legem
1147 2489 1252 2575 hlosis,

109 2595 151 2661 ita
175 2595 350 2660 dictitantes
372 2613 445 2659 sese
468 2593 634 2660 iustificari.

196 2721 248 2786 23.
291 2719 471 2785 Theodotus
501 2729 602 2784 autem
634 2720 799 2803 Byzantius
830 2720 998 2785 introduxit
1024 2719 1167 2785 haeresin
1190 2721 1289 2791 ha-ea

109 2827 296 2910 iuscemodi,
327 2826 433 2891 dicens
462 2827 607 2890 universa
636 2825 758 2908 quidem
781 2826 818 2890 ah
843 2846 902 2909 eo,
933 2829 984 2909 qui
1015 2845 1050 2891 re
1080 2846 1153 2890 vera
1176 2826 1253 2890 deus

110 2944 177 3021 est,
210 2933 349 3019 proiectu
377 2951 465 3015 esse,
500 2932 649 2996 Christum
683 2941 782 2997 autem
816 2935 1013 2998 consimiliter
1045 2952 1136 3016 supra
1167 2934 1254 2997 dictis

109 3043 259 3128 gnosticis
282 3042 324 3105 ait
346 3041 398 3105 lali
422 3040 556 3123 quodam
579 3039 673 3104 ruodo
702 3044 899 3124 apparuisse:
929 3061 1000 3107 esse
1030 3050 1130 3106 aulem
1162 3041 1254 3106 Chri-

108 3159 187 3217 stum
221 3151 357 3214 eiusdam
389 3149 515 3234 generis
548 3155 642 3230 atque
672 3166 781 3213 omnes
810 3148 966 3235 hominos,
1003 3149 1061 3213 hac
1088 3167 1124 3211 re
1152 3157 1252 3213 autem

109 3277 181 3324 esse
205 3257 380 3340 diversum,
415 3253 498 3337 quod
527 3254 695 3319 secundum
724 3256 885 3320 consilium
915 3259 1011 3338 patris
1041 3265 1130 3320 natus
1153 3259 1191 3322 sii
1215 3275 1292 3322 exuo

109 3367 246 3449 virgine,
272 3367 321 3428 cui
345 3362 575 3426 obumbraverit
598 3362 720 3443 spiritus
744 3374 881 3448 sancius,
917 3383 978 3429 non
1007 3367 1037 3428 in
1060 3367 1180 3447 virgine
1202 3368 1254 3429 in-

109 3477 285 3548 carnatum5
322 3477 428 3554 posteo
464 3487 540 3532 vero
570 3469 601 3530 in
630 3467 781 3552 baptismo
815 3469 972 3554 delapsum
1003 3490 1072 3536 esse
1104 3471 1255 3537 Christum

108 3597 204 3664 super
225 3578 324 3643 lesum
349 3577 380 3640 in
404 3579 509 3659 specie
543 3575 718 3660 columbae,
753 3587 937 3662 quapropter
968 3581 1050 3644 aiunl
1080 3598 1141 3643 non
1172 3581 1256 3663 prius

109 3694 279 3772 potestates
310 3684 341 3747 in
372 3702 410 3748 eo
437 3683 585 3768 uiguisse.
642 3682 740 3746 Deum
775 3692 876 3748 autem
906 3703 968 3748 non
1003 3705 1074 3750 csse
1105 3686 1255 3752 Christum

110 3794 182 3859 vult.
226 3792 266 3857 Et
288 3792 360 3856 tatia
383 3789 573 3855 Theodotus.
1264 3819 1293 3870 ω

212 3915 265 3983 al.
320 3917 381 3981 Alii
418 3925 521 3981 autern
559 3917 648 3980 etiam
685 3916 787 3980 omnia
827 3917 939 3982 eodem
979 3917 1089 4003 modo,
1126 3937 1188 4001 quo
1225 3919 1255 4003 ii,

111 4159 185 4219 ὄντος
211 4152 232 4212 C
254 4154 292 4212 hl.
335 4153 378 4212 Cf.
406 4173 488 4228 sopra
514 4175 540 4231 p.
564 4160 627 4224 406,
654 4159 689 4216 63
833 4159 878 4214 hh.
907 4158 1036 4227 meiat]
1060 4157 1162 4231 Μωῡσῇ
1186 4153 1208 4212 C
1228 4155 1257 4211 ll

112 4251 227 4306 67-66.
247 4247 290 4306 Gi.
310 4252 392 4322 aspri
411 4267 438 4322 p.
458 4252 520 4315 406,
539 4251 646 4307 62-76
773 4251 818 4305 67.
838 4247 1000 4325 εἰσηγήσατο]
1020 4249 1158 4321 ἐξηγήσαιο
1178 4245 1257 4303 cti:

111 4343 251 4416 εἰσήγαγεν
287 4359 368 4415 supra
390 4343 406 4397 Ι.
426 4342 445 4396 1.
607 4343 652 4398 68.
677 4339 768 4419 ὅπως]
788 4343 862 4405 ὄντος
879 4340 901 4397 C
919 4339 947 4396 Μ
1093 4343 1136 4396 60.
1154 4338 1257 4418 κοινὸν]

112 4433 285 4492 Litterarum
303 4452 417 4508 prorsus
433 4433 574 4490 evanidas.
592 4432 623 4490 Μ
714 4432 872 4512 ἄνθρωπον]
892 4433 1067 4506 eripuisses?
1139 4436 1256 4491 lii-il.

113 4527 155 4585 Gi.
173 4545 256 4601 auprs
274 4546 302 4601 p.
316 4530 379 4596 toti,
392 4530 426 4584 'to
440 4561 477 4576 ·-
491 4527 602 4592 ⁴⁰ssrss²
674 4530 718 4584 67.
734 4527 857 4590 ciceiam
869 4525 1019 4600 Sauppiut:
1039 4528 1067 4590 ii
1084 4525 1168 4580 nisui»
1188 4525 1209 4582 G
1227 4524 1256 4582 ll
