3006 4976
605 297 785 358 1111881111.
1204 291 1266 357 tat

125 463 325 528 comam
345 469 444 524 mater
465 463 641 541 dbmcmm,
665 465 739 546 puin
764 465 948 526 misereatur
960 467 992 522 at
1002 459 1280 548 protodoctorem·-¹

123 585 201 642 mar,
224 575 256 628 et
276 584 335 647 epo
358 566 527 630 obliviscar
546 575 700 646 oestmm,
723 567 876 649 Adamas,
898 565 1006 648 inquit,
1029 561 1103 626 dicit
1126 563 1164 626 ad
1188 582 1267 644 pro-

123 674 212 756 prios
230 673 389 751 homines3
417 692 524 738 aerata
545 676 665 738 adurni
686 675 764 738 daea
786 674 983 738 addemnatur
1004 673 1129 748 mulier,
1153 680 1187 733 at
1208 691 1266 752 epa

123 799 187 844 aaa
208 780 377 844 obliniacar
397 789 540 848 oestrum.
584 783 623 844 Ia
644 783 783 844 manibus
805 782 881 844 meis
901 799 956 844 cos
974 797 1138 860 repressos
1157 779 1265 842 labeo.

124 887 174 950 lle
198 873 384 950 ascensione
407 895 509 952 autem
533 889 616 969 eius,
647 889 708 953 hoc
731 896 779 952 est
801 888 841 952 (le
864 889 1121 970 regeneratione,
1151 893 1185 948 ut
1215 885 1306 950 fiatto

123 995 291 1076 spiritualis
313 1013 375 1060 non
399 995 546 1079 carnalis,
570 997 657 1080 dicit,
678 997 793 1078 inquit,
815 997 984 1077 scriptura:
1019 995 1122 1057 Altatc
1147 1001 1267 1075 portae,

125 1103 179 1184 qui
201 1103 276 1164 aetia
299 1103 412 1166 domim
433 1109 585 1180 oestrum,
608 1115 637 1166 et
656 1105 773 1184 surpite
792 1109 904 1185 partae
926 1109 1089 1178 aeternae,
1112 1107 1143 1162 et
1163 1085 1267 1163 intra-

124 1209 172 1272 bit
199 1227 259 1272 raa
287 1209 424 1290 plurim,
455 1208 516 1272 lroc
547 1218 596 1272 est
628 1210 803 1273 miraculum
835 1209 1059 1274 miraculorum.
1117 1207 1193 1283 Ouia
1223 1207 1274 1270 eal

123 1317 220 1396 mian,
241 1317 352 1399 inquit,
377 1317 428 1379 dic
456 1336 516 1378 rac
541 1317 686 1397 plamae?
735 1317 849 1380 Venaria
871 1325 902 1379 et
921 1335 983 1380 nan
1009 1316 1117 1392 dom,
1149 1332 1267 1395 oppro-

125 1421 225 1484 brium
248 1420 379 1484 domimo
399 1427 431 1483 et
449 1421 655 1500 nullificamen
673 1423 798 1502 populi;
828 1423 895 1503 ipre
917 1429 964 1484 est
983 1441 1043 1484 raa
1063 1421 1202 1502 plurim,
1235 1403 1306 1481 ia'rn

125 1527 207 1590 della
232 1529 361 1608 pollens.
412 1527 527 1592 Bellum
556 1535 658 1592 autem
687 1527 866 1608 dicitquod
890 1534 938 1592 est
959 1529 990 1590 in
1013 1544 1161 1611 corpore,
1184 1544 1268 1609 quo-

126 1636 209 1698 niam
232 1653 274 1698 ex
294 1633 454 1699 hostilibus
479 1635 640 1698 elementis
661 1634 764 1699 lictum
787 1634 1053 1717 ostimentum,
1087 1636 1166 1698 sicut
1187 1634 1269 1696 scri·

126 1748 211 1825 ptam
234 1751 292 1826 est,
314 1743 431 1823 inquit:
462 1743 641 1806 Recordare
663 1742 774 1805 bellum
794 1743 934 1806 eaiswna
954 1743 1138 1824 incorpore.
1170 1742 1268 1822 liuns,

125 1848 249 1933 inquit,
278 1849 433 1914 introitum
456 1855 488 1912 et
510 1847 589 1912 lianc
611 1855 730 1930 portam
751 1848 826 1912 vidit
847 1849 878 1912 in
901 1849 1149 1930 Mesopotamiam
1170 1831 1268 1942 proli7

127 1957 249 2020 ciscens
279 1955 391 2039 lacolt,
421 1955 650 2038 quodquidam
674 1962 722 2020 est
744 1975 784 2020 ex
806 1973 904 2038 puero
925 1957 1024 2038 pubes
1046 1959 1106 2021 iarn
1130 1956 1305 2022 evaderem
1335 2023 1341 2040 ,

127 2071 160 2128 et
181 2065 236 2146 vir,
258 2062 319 2127 lroc
342 2071 391 2128 cst
412 2064 568 2128 intellecta
590 2071 663 2128 sunt
685 2063 937 2145 aproliciscente
957 2063 1267 2147 inllesopotamiam;

125 2167 359 2254 (Mesopotamia
383 2178 485 2235 autem
509 2179 569 2253 est,
591 2172 704 2252 inquit,
735 2172 839 2255 magni
861 2173 970 2235 oceani
991 2171 1100 2236 fluetus
1124 2173 1267 2238 emedio

126 2277 227 2342 fluens
250 2277 389 2360 perlecto
411 2277 546 2362 homine)
578 2285 610 2342 at
639 2279 763 2342 miratus
787 2284 834 2342 est
864 2278 1029 2342 caelestem
1062 2287 1182 2362 portam
1216 2279 1268 2342 la-

124 2389 193 2448 tus:
230 2384 327 2462 Quam
350 2385 506 2449 horribilia
526 2386 577 2448 lrt'c
599 2387 693 2449 locor.
741 2386 810 2448 Non
831 2395 878 2448 eat
898 2387 957 2448 ltac
977 2387 1040 2448 nisi
1057 2387 1145 2448 oedia
1167 2388 1218 2448 dei
1239 2393 1271 2448 et

125 2491 204 2556 lare
223 2501 316 2574 parta
337 2495 427 2558 caeli
477 2493 605 2574 Propter
626 2492 703 2576 troc,
731 2491 845 2575 inquit,
875 2491 948 2554 dicit
974 2492 1077 2556 lesus:
1109 2493 1174 2574 Epo
1201 2506 1306 2556 mmet

123 2607 220 2680 porta
247 2618 332 2666 nera.
389 2599 445 2664 Est
466 2607 568 2664 autem
591 2597 669 2662 haec
692 2598 800 2662 dicens
822 2597 860 2662 ab
882 2598 1051 2680 ineffigiato
1074 2616 1182 2681 supra,
1214 2601 1267 2662 in·-

126 2707 202 2789 quit,
223 2705 376 2791 effigiatus
399 2707 556 2789 perlectus
578 2706 682 2772 homo.
726 2705 797 2770 Non
818 2710 920 2786 potest
942 2705 1045 2790 igitur,
1067 2707 1173 2788 inquit,
1196 2722 1268 2769 ser-

125 2813 193 2878 vari
215 2814 370 2894 perlectus
393 2813 504 2898 horno,
534 2814 593 2877 nisi
622 2819 803 2876 renascetur
826 2830 882 2893 per
904 2811 984 2874 hanc
1006 2811 1166 2895 ingressus
1189 2828 1268 2892 por-

124 2927 196 2984 tam.
249 2919 388 2984 Eundem
412 2927 513 2984 autern
537 2918 640 3002 hunc,
671 2921 789 3001 inquit,
811 2917 948 3002 Phryges
971 2925 1003 2982 ct
1023 2919 1140 3000 Papam
1159 2916 1268 2999 appel-

125 3026 205 3110 lant,
241 3029 385 3107 quoniam
419 3026 522 3091 omnia
552 3025 672 3090 sedavit
702 3024 860 3090 incondita
890 3032 922 3088 et
943 3033 1060 3089 temere
1082 3033 1153 3088 ante
1172 3026 1305 3107 ipsiusto

126 3133 348 3215 apparitionem
371 3140 463 3199 mota.
513 3132 634 3198 Nomen
657 3133 738 3196 enim
756 3152 853 3216 papa,
886 3133 1000 3216 inquit,
1024 3135 1156 3198 omnium
1179 3134 1269 3198 simul

126 3247 175 3304 ast
197 3247 228 3304 et
251 3240 430 3306 caelestium
454 3248 485 3304 et
500 3242 692 3304 terrestrium
709 3249 740 3304 et
755 3241 954 3325 infernorum,
978 3241 1157 3306 dicentium:
1182 3241 1268 3328 seda,

124 3345 203 3411 seda
225 3348 490 3430 incongruentiam
513 3347 619 3410 mundi
641 3354 672 3410 et
693 3347 787 3412 lecito
808 3367 917 3431 pacem
939 3351 1184 3434 capadociam,
1207 3350 1268 3415 lroc

124 3459 174 3516 est
196 3453 403 3519 materialibus
426 3462 456 3518 et
479 3453 615 3541 cimicis,
651 3466 683 3521 et
697 3477 807 3540 pacem
830 3458 871 3520 iia
892 3459 944 3540 qui
963 3476 1061 3540 prope
1089 3466 1176 3540 sant,
1207 3457 1268 3522 lroe

119 3589 191 3662 Ἐγώ
210 3590 241 3643 dr'
257 3591 313 3664 alpes
330 3591 433 3659 σκώληξ
450 3593 497 3646 καὶ
514 3593 575 3665 cdxl
594 3595 748 3667 ἄνθρωπος,
767 3593 870 3656 ὄνειδος
889 3595 1036 3667 ἀνθρώπου
1047 3595 1093 3648 καὶ
1103 3595 1268 3668 ἱξονθένημα

124 3681 193 3736 lad&
299 3683 344 3738 ³6.
363 3685 408 3738 31.
437 3681 526 3739 Psalm
544 3687 590 3752 2³,
611 3687 642 3740 10
662 3686 739 3748 αὐτός
756 3690 824 3741 larda
842 3687 856 3740 ὃ
876 3688 998 3756 penthale
1014 3687 1057 3753 τὴς
1073 3688 1160 3754 δόξης.
1191 3689 1268 3744 aas

122 3771 216 3845 κύριος
232 3773 345 3836 δυνατὸς
361 3777 390 3829 ἐν
407 3779 524 3850 πολέμῳ.
640 3779 685 3835 39.
715 3776 757 3834 Cf.
783 3775 842 3832 lob.
861 3779 913 3842 40,
937 3780 973 3832 27
1000 3779 1128 3852 μνησθεὶς
1150 3781 1269 3852 πολέμου

124 3865 169 3919 τοῦ
186 3869 350 3939 γιγνομένου
368 3869 397 3921 ἐν
413 3870 448 3940 τῷ
466 3869 567 3942 σώματι
585 3869 665 3925 admi
682 3890 706 3923 tt.
725 3890 745 3924 r.
764 3873 788 3924 1.
903 3871 948 3924 40.
968 3870 1012 3924 41.
1034 3866 1077 3926 Cf.
1099 3871 1111 3924 1
1131 3868 1202 3926 Mos.
1223 3873 1267 3937 28.

122 3957 219 4029 seqq.
336 3959 381 4013 46.
401 3961 445 4014 tt.
474 3959 577 4016 tuos.
597 3962 701 4026 28,17
815 3961 859 4016 48.
888 3958 930 4014 Cf.
950 3958 999 4015 Er.
1019 3958 1063 4015 1ο.
1085 3963 1126 4028 tn,
1146 3964 1172 4018 9.
1198 3962 1269 4036 'Eyul

124 4048 211 4121 elprr‘p
230 4049 312 4121 θύρα.
349 4047 446 4105 Matri.
465 4054 497 4117 7,
520 4053 561 4107 13.
581 4055 722 4107 Eioildarr
741 4052 787 4106 ded
803 4053 845 4118 τῆς
863 4053 950 4119 στενῆς
968 4052 1051 4120 πύλης
1072 4051 1168 4124 (Glem.
1189 4052 1268 4108 Rom.

124 4137 210 4194 Hom.
229 4142 255 4206 3,
275 4141 311 4196 52
327 4142 377 4197 Διὰ
400 4144 471 4198 τοῦτο
498 4145 577 4206 αὐτὸς
595 4145 693 4212 ἀληθὴς
712 4145 750 4198 ὢν
767 4144 902 4216 προφήτης
920 4148 1022 4216 llaeysv·
1041 4145 1094 4217 ἐγώ
1113 4149 1167 4218 εἶμι
1186 4145 1201 4214 ἢ
1219 4147 1269 4201 nri·

122 4235 154 4298 ta
172 4233 215 4294 τῆς
233 4233 312 4300 ζωῆς·
338 4233 353 4286 d
378 4235 411 4288 δι’
438 4237 504 4308 ἐμοῦ
531 4237 714 4310 εῑσερχόμενος
740 4237 882 4310 aldionem
900 4239 936 4298 ela
954 4236 998 4302 τὴν
1016 4237 1106 4306 ζωήν).
1222 4239 1266 4291 52.

120 4323 213 4378 τοῦτον
230 4325 298 4396 φασὶ
315 4324 463 4398 Φρύγεςῦ
560 4329 605 4384 56.
629 4330 682 4382 nal
698 4329 750 4382 aad
769 4325 872 4383 corrC
963 4329 1007 4383 ttr.
1027 4329 1072 4388 tte.
1101 4326 1142 4408 (js.
1164 4326 1269 4400 Ephes.

119 4419 150 4482 a
171 4417 204 4472 17
217 4417 265 4470 καὶ
276 4417 363 4471 ildalr
373 4417 556 4493 &madidam
570 4419 674 4492 οἰρὴνην
682 4417 749 4492 ὑμῖν
760 4423 816 4480 τοῖς
826 4419 935 4492 μακρὰν
948 4421 994 4476 aral
1005 4419 1109 4494 εἰρήνην
1121 4425 1174 4484 τοῖς
1182 4421 1268 4496 tyyric.
