2920 4982
356 375 535 481 vuntttrts
558 376 739 436 DOGi'llan.
761 375 934 434 EPlLOGUB.
1152 369 1215 436 545

55 538 186 602 esurire
207 536 303 602 voluit
326 544 357 606 et
378 539 463 604 eillre
483 557 546 606 nou
568 541 724 608 recusavit
753 545 785 604 et
817 557 929 606 somno
951 541 1066 622 quierit
1088 545 1121 604 et
1141 555 1218 622 pet·

55 643 143 707 simu
169 661 233 708 uon
255 645 442 729 repugnavit
468 651 499 710 el
521 647 612 712 morti
642 647 865 727 obtemperavit
893 653 925 712 el
954 648 1217 712 resurrectionen

55 749 283 836 manifestavit,
302 759 448 836 tunquam
465 753 611 835 primitias
635 752 771 818 olierena
790 754 820 817 in
835 751 882 818 hia
899 753 1039 818 omuibus
1062 753 1217 835 proprium
1229 760 1260 811 to

54 877 149 923 suum
185 858 358 940 hominem,
390 867 424 926 ul
454 870 486 928 tu
515 863 638 943 patiens
671 879 711 926 ne
745 862 877 926 animum
911 859 1127 944 despondeas,
1161 860 1217 926 sed

53 965 221 1032 hominem
243 975 340 1036 tenet
361 971 459 1054 ipsum
478 969 628 1054 profitens
649 977 800 1058 expectes
822 975 854 1036 et
876 975 927 1053 tu,
960 985 1041 1052 guae
1063 967 1135 1035 huic
1156 984 1217 1034 en-

55 1075 200 1145 hibuisti.

146 1183 203 1252 34.
249 1184 333 1251 l'alis
351 1186 391 1250 le
413 1187 538 1254 numine
560 1186 666 1254 divino
689 1205 764 1254 uera
795 1191 843 1254 cel
867 1185 1034 1271 doclrine,
1063 1203 1083 1250 o
1111 1183 1215 1252 lmml-

56 1309 116 1358 nes
140 1293 256 1360 Gracci
279 1298 310 1358 el
332 1294 471 1379 barbari,
494 1294 643 1364 Chaldaei
665 1301 698 1360 et
718 1295 850 1379 Assyrii,
871 1294 1017 1379 Aegyptii
1040 1300 1072 1360 et
1092 1293 1214 1378 Libyes,
1227 1308 1255 1360 tt

54 1397 124 1464 lndi
148 1410 182 1466 et
204 1401 395 1486 Actlu'opes,
418 1402 526 1470 Cellae
548 1413 579 1470 el
600 1403 761 1487 imperium
781 1409 924 1468 tenentes
947 1403 1063 1487 Latini,
1082 1418 1213 1468 omues

53 1527 119 1592 que
142 1509 294 1594 Europes
317 1512 476 1595 Asiaeque
499 1520 531 1578 et
559 1511 676 1598 libyae
702 1511 842 1596 incolae,
876 1511 990 1594 quihus
1021 1509 1214 1578 consiliarius

54 1633 118 1702 ego
146 1616 191 1684 lio
203 1666 214 1702 ,
237 1617 309 1686 dom
331 1617 456 1684 humaui
478 1619 543 1706 logi
567 1629 641 1688 exto
665 1619 830 1704 disciputus
852 1626 885 1686 et
904 1620 971 1701 ipse
993 1617 1159 1702 humanus,
1181 1626 1213 1684 ut

53 1733 262 1791 accurrentes
285 1727 458 1792 doceamini
483 1747 501 1792 a
523 1728 630 1814 notia,
663 1729 802 1811 quisnam
824 1727 863 1792 sil
885 1743 979 1791 uerus
1002 1725 1081 1792 deus
1102 1725 1213 1790 lituus-

53 1853 115 1918 que
139 1835 227 1900 bene
250 1835 390 1901 ordinata
414 1836 546 1920 lubrica,
577 1854 640 1900 non
671 1852 727 1900 vos
750 1834 942 1918 applicantes
964 1832 1003 1897 ad
1025 1831 1254 1915 sophismatatt

54 1943 299 2008 artificiosorum
329 1961 527 2030 sermonum,
562 1961 664 2027 neque
699 1942 737 2008 ad
770 1957 865 2006 vanas
895 1940 1119 2024 promissiones
1151 1939 1211 2004 lal-

53 2046 169 2114 lacium
205 2049 450 2135 haereticorum,
480 2049 537 2114 sed
569 2050 609 2115 ad
638 2049 776 2116 veritatis
799 2067 863 2113 non
888 2047 1112 2133 grandiloquos
1133 2047 1212 2112 sim-

53 2152 227 2237 plicitatem
250 2175 398 2243 gravem,
428 2177 486 2241 per
508 2177 600 2242 quam
622 2158 835 2244 cognitionem
863 2156 1019 2240 cllugictis
1047 2157 1210 2221 inslantem

53 2263 137 2348 ignis
159 2263 267 2330 iudicii
290 2267 558 2332 comminationem
581 2272 613 2330 et
633 2266 752 2330 Tartari
773 2265 933 2349 caliginosi
957 2263 1073 2329 vultum
1095 2263 1211 2327 illuni-

55 2387 143 2457 num,
181 2391 201 2438 u
232 2373 297 2458 logi
328 2391 408 2438 τοοο
445 2390 508 2438 non
547 2373 775 2457 collustratum,
810 2381 842 2438 el
871 2381 991 2436 aestum
1029 2370 1251 2454 sempiternitt

57 2479 162 2562 stagni
186 2480 353 2566 gehennae
385 2477 544 2561 flammae,
577 2487 610 2544 et
639 2481 798 2545 'l'artarum
827 2481 996 2544 tenentium
1028 2480 1209 2561 angelorum

54 2586 233 2668 punitorum
255 2587 369 2651 vultum
392 2605 518 2674 semper
540 2587 745 2672 minitantem,
776 2593 808 2650 el
837 2605 974 2651 vermem
1005 2585 1044 2651 ed
1067 2589 1210 2666 corporis

55 2694 257 2760 substantiam
279 2695 455 2780 admotum,
491 2694 531 2761 ad
554 2705 740 2760 exaestuans
770 2711 884 2775 corpus
918 2701 1062 2775 tunquam
1094 2693 1132 2758 ad
1162 2693 1212 2757 ci·

54 2799 135 2869 bum.
181 2801 223 2868 Et
244 2801 323 2868 haec
344 2802 469 2887 quidem
499 2803 631 2886 effugies
662 2803 752 2868 deum
785 2819 891 2865 rerum
924 2802 1052 2884 doctus,
1082 2799 1210 2864 habebis

55 2919 157 2976 entem
193 2910 367 2977 immortale
401 2929 515 2994 corpus
546 2919 576 2974 et
605 2911 815 2992 incorruptum
839 2927 900 2974 una
932 2926 999 2972 eum
1032 2907 1147 2987 anima,
1179 2911 1248 2971 eleo

54 3035 185 3101 regnum
217 3018 373 3084 caelorum
405 3018 615 3102 nancisceris,
652 3026 685 3084 tu
707 3017 814 3101 quiin
836 3025 920 3080 terra
943 3013 1055 3099 (legisti
1079 3020 1108 3076 el
1132 3031 1208 3076 cne-

54 3121 164 3191 lestem
195 3145 304 3213 regem
331 3123 524 3212 cognovisti,
552 3127 616 3190 cris
646 3111 747 3192 eutct‘n
783 3141 916 3190 consors
943 3121 995 3187 (lei
1024 3129 1056 3185 et
1077 3121 1208 3185 coheres

55 3229 188 3320 Christi,
222 3253 285 3302 non
318 3235 576 3317 concupiscentiis
610 3231 660 3298 vel
693 3230 892 3315 passionibus
923 3227 974 3293 vel
1004 3228 1120 3294 morbis
1144 3225 1206 3290 ob-

56 3341 191 3410 strictus.
239 3343 351 3410 Factus
384 3344 528 3408 enimes
563 3341 659 3420 dcus3
689 3356 894 3424 quaecunque
927 3339 1008 3402 enim
1038 3336 1208 3400 sustinuisti

55 3448 130 3510 mala
155 3449 249 3516 lromo
272 3469 342 3516 cunr
363 3450 423 3535 sis,
451 3449 531 3516 haec
554 3447 666 3532 dabat,
700 3449 771 3530 quia
794 3447 888 3510 homo
911 3461 964 3524 es3
997 3459 1243 3526 quaecunqueae

53 3615 126 3676 illam
147 3621 294 3679 formulam
311 3622 512 3696 explicandam,
531 3632 560 3679 et
576 3621 644 3678 inde
662 3617 734 3678 cot.
753 3619 901 3675 lectionem
921 3633 984 3672 eme
996 3625 1088 3671 uatum
1160 3617 1205 3670 ³2.

52 3713 295 3790 μένον1μόνοινῦο
315 3718 424 3792 φοβερῷ
435 3718 537 3790 ὄμματι
552 3716 753 3778 ἐποπιιέοόνπς
765 3712 934 3788 Hippolytus
948 3711 967 3765 l.
978 3710 998 3765 Ι.
1095 3709 1140 3765 ³³.
1160 3711 1208 3764 st·

54 3805 173 3876 αιόέσνα
200 3811 322 3885 σώματος
346 3812 480 3867 όποσσέαν
502 3809 743 3883 ἐπισοριφόμενον,
771 3809 814 3862 tut
839 3807 868 3860 τό
897 3803 1033 3874 ἐκβρόσαν
1066 3803 1145 3875 σοῖμα
1170 3802 1206 3864 ὥς

55 3897 237 3983 ἐπιστρέφων]
256 3905 377 3972 excitam
395 3903 534 3966 όπαόοτως
551 3901 778 3974 ἐπιστρεφόμενον
796 3898 840 3954 ἐπὶ
864 3897 892 3951 τό
917 3896 1051 3968 ἐνρρόσαν
1068 3895 1149 3968 σιῒμα
1169 3893 1206 3955 cic

54 3989 98 4042 ἐπέ
114 3996 223 4066 τροφόν.
261 3995 436 4061 Βοοιοοέοι,
462 3995 506 4050 eui
533 3992 717 4066 adstipulatur
741 3988 776 4047 R.
801 3987 923 4046 Scottum
949 3987 1085 4054 σνόέφια,
1112 3985 1204 4054 στόμα-

54 4096 95 4141 ῐος
114 4083 262 4154 ἂποασέαν,
280 4086 505 4160 ἐπιστρεφόμενον
522 4085 566 4140 tut
581 4085 610 4140 τό
626 4087 760 4159 tappetae
772 4085 851 4157 στόμα
863 4083 900 4146 ὥς
911 4081 1060 4152 ἐπντρέφον.
1079 4073 1202 4130 Wortlr-

56 4173 199 4234 worthiurc
230 4179 350 4247 σοτοόέιρτα
369 4177 406 4241 uic
421 4177 464 4233 ἐπέ
482 4177 605 4250 σώματος
629 4177 741 4250 ἀλοοσέφ
765 4176 809 4232 ἐπέ
833 4176 862 4230 τό
887 4171 1024 4244 &egicae
1049 4167 1128 4241 σοῖμα
1146 4169 1202 4222 ἐπι-

54 4266 240 4338 σ«νιφόμενον.
275 4268 433 4344 Resperutt
451 4269 573 4337 σνιόέφνα
590 4269 713 4342 στόματος
730 4268 775 4324 ἐπ’
794 4268 889 4324 οόσέαν
905 4261 1140 4334 ἐπιστρεφόμενον,
1158 4259 1203 4313 lul

54 4351 81 4404 ¹5
98 4358 230 4430 lappam
247 4364 327 4436 σῶμα
350 4362 387 4425 ὥς
413 4362 457 4418 ἐπέ
481 4362 601 4434 τροφὴνέ
724 4361 770 4416 36.
794 4356 841 4413 xci
863 4367 925 4412 unle
950 4356 1088 4426 βασιλοέον
1112 4367 1156 4404 om
1178 4346 1200 4404 C

56 4443 99 4587 {⁰-
117 4449 217 4525 lttuoa]
235 4455 314 4510 όέόοο
333 4451 355 4510 C
374 4453 419 4510 Ma
438 4453 519 4510 ἐόέόιι
541 4451 710 4508 Bunrenioa=
734 4450 782 4506 διὰ
799 4451 848 4504 σοῦ
866 4441 1118 4502 Wordermrthiurc
1137 4441 1200 4496 lutei

80 4548 198 4608 oeperue

871 4640 911 4706 ³5
