3056 4970
663 315 828 373 susumus
1254 313 1317 378 205

178 487 281 546 autem
310 498 432 545 omnam
463 497 543 560 quae
572 480 629 544 sub
653 479 741 544 caclo
765 488 813 544 est
834 481 865 543 in
889 479 1018 544 divorsis
1041 481 1222 545 animalibus
1245 481 1316 544 infi-

175 589 302 652 nitatem
334 585 505 668 dispersum
536 591 585 650 asi
614 592 646 649 et
675 583 804 649 divisum
836 604 903 650 cum
933 586 1002 650 lucc
1031 588 1154 668 spiritus
1184 605 1318 669 superne

180 694 427 760 odoramentum.
480 691 590 756 Natum
612 691 706 775 igitur
729 698 777 756 ast
798 710 838 756 en
861 710 939 773 aqua
961 694 1175 777 primigenium
1199 695 1355 777 princi-rc

178 801 271 884 pium,
292 805 405 861 ventus
427 797 532 882 gratis
555 805 586 861 ct
608 797 775 862 vehemens
798 804 830 862 et
852 801 950 864 omnis
972 803 1182 883 generationis
1199 809 1317 868 auctor.

176 906 342 971 Fcrvorem
372 906 451 970 cuim
482 905 635 986 quendam
662 905 815 970 incutiens
842 908 929 987 aquis
952 906 990 970 ab
1011 909 1099 988 aquis
1121 909 1233 972 excitat
1255 927 1319 971 nn-

177 1013 244 1076 das.
287 1012 441 1076 Undarum
466 1019 567 1076 autem
589 1020 689 1076 motus
712 1013 764 1094 qni
786 1014 873 1094 quasi
896 1013 1017 1095 quidam
1032 1013 1162 1095 impetus
1176 1020 1246 1077 cst.

177 1117 337 1202 mandam
359 1120 470 1184 iactam
493 1135 565 1182 csse
590 1117 721 1183 bominis
744 1127 797 1182 aut
821 1122 948 1202 mentis,
983 1119 1106 1202 quando
1136 1120 1193 1185 sub
1223 1120 1318 1201 spiri-

178 1234 229 1290 tus
251 1227 366 1308 impetu
387 1223 565 1289 intenditur.
610 1225 668 1290 Ubi
690 1233 791 1290 autem
814 1226 893 1291 baec
914 1226 996 1292 unda
1020 1245 1037 1290 a
1060 1233 1154 1291 vento
1177 1244 1217 1289 ex
1239 1242 1357 1307 aquaso

178 1335 312 1398 excitata
339 1340 371 1396 et
402 1331 530 1416 masida
561 1331 642 1396 iacta
664 1333 701 1397 ad
725 1341 862 1398 naturam
886 1353 973 1399 suam
996 1352 1184 1418 generamcn
1206 1335 1319 1399 iamai·

178 1441 228 1504 iac
258 1439 402 1520 concepit
430 1441 461 1502 in
492 1456 581 1521 sese,
616 1442 752 1505 continet
773 1442 871 1505 iucem
894 1459 1029 1524 superne
1052 1442 1227 1524 desparsam
1250 1459 1318 1504 cum

177 1548 302 1630 spiritus
325 1546 536 1630 odoramento,
560 1546 621 1610 boc
643 1554 691 1611 cst
712 1554 845 1612 mentem
867 1548 1028 1632 figuratam
1050 1549 1082 1612 in
1099 1548 1229 1612 diversis
1243 1565 1319 1629 spe-

177 1653 287 1718 ciebus
315 1653 396 1737 suis,
433 1671 515 1734 qnae
536 1652 590 1716 lux
612 1661 660 1718 cst
680 1655 837 1735 periectas
860 1653 954 1739 deus,
982 1656 1033 1736 qui
1060 1671 1101 1717 ex
1128 1653 1320 1737 congenita

179 1777 316 1842 superne
343 1759 414 1824 luce
442 1765 474 1822 ct
495 1761 602 1842 spirita
625 1759 743 1824 delatus
766 1763 796 1824 in
828 1761 990 1826 humanam
1012 1769 1151 1826 naturam
1174 1768 1356 1842 tunquamao

176 1869 209 1930 in
228 1867 373 1949 tempium
395 1867 426 1929 vi
449 1872 578 1931 naturae
603 1872 635 1930 et
655 1867 740 1931 venti
762 1875 855 1950 motu,
878 1875 1044 1950 generatus
1066 1887 1107 1931 ex
1129 1885 1218 1952 aqua,
1238 1881 1320 1930 cca·

176 1971 266 2038 flatus
304 1983 337 2039 et
370 1975 552 2038 commixtus
579 1975 763 2056 corporibus
793 1981 936 2057 tanquam
968 1974 1013 2039 sal
1049 1974 1170 2056 quidam
1211 1991 1319 2037 corum

179 2096 260 2160 quae
283 2079 435 2159 existunt,
459 2086 490 2142 et
511 2077 565 2142 iux
587 2080 800 2162 tenebrarum,
825 2097 843 2142 a
865 2079 1048 2161 corporibus
1070 2081 1171 2143 nitens
1192 2077 1320 2142 libcrari

177 2202 238 2249 nec
260 2184 367 2249 umens
391 2183 603 2248 liberationem
626 2184 766 2268 reperire
789 2192 822 2249 ct
843 2186 958 2251 anitum
981 2203 1087 2265 saum;
1118 2186 1253 2250 immixta
1272 2189 1320 2250 est
1404 2195 1406 2200 '

178 2293 260 2356 anim
291 2289 421 2358 scintilla
451 2290 603 2372 quaedam
625 2294 803 2357 tenuissima
827 2335 1317 2358 ................
1325 2307 1357 2358 au

177 2511 220 2588 nt,
241 2505 348 2589 inquit,
370 2505 403 2567 in
424 2483 542 2587 psalmo
565 2504 649 2568 dicit.
701 2505 806 2570 Omnis
834 2505 928 2588 igitur
948 2523 1023 2569 cura
1045 2511 1078 2568 et
1098 2505 1244 2588 cogitatio
1266 2502 1319 2566 iu·

177 2613 222 2675 cis
246 2629 381 2693 superna
403 2609 524 2675 delatas
547 2616 604 2692 est,
628 2612 783 2693 morando
806 2619 838 2675 ct
861 2630 921 2693 qua
942 2614 1063 2676 ratione
1087 2631 1105 2675 a
1128 2617 1228 2674 morte
1248 2609 1319 2672 maii

165 2727 210 2798 *et
240 2719 398 2782 tenebrosi
426 2719 567 2800 corporis
595 2717 744 2782 liberetur
772 2736 860 2783 mens
888 2736 907 2782 a
933 2725 1020 2800 patre
1044 2718 1096 2800 qui
1118 2716 1238 2781 inferne
1261 2721 1319 2798 est,

178 2824 262 2908 quod
293 2831 341 2890 est
370 2831 501 2909 ventus,
534 2824 587 2908 qni
614 2826 646 2888 in
673 2824 800 2890 fervore
830 2833 861 2889 ct
889 2824 978 2889 turba
1003 2825 1146 2888 excitavit
1167 2821 1265 2885 undas
1288 2825 1356 2883 etto

179 2933 343 3018 generavit
371 2938 503 2995 mentem
532 2931 700 3013 perfactam
723 2931 815 2995 filium
839 2948 942 3014 suum,
974 2947 1038 2994 uon
1060 2931 1142 2994 iilum
1162 2927 1318 3009 proprium

177 3057 267 3104 snum
289 3038 327 3103 ad
350 3046 497 3104 naturam.
543 3039 684 3120 Superne
707 3040 789 3102 euim
812 3047 887 3123 arat,
911 3037 1039 3102 scintilla
1063 3036 1232 3119 aperiecta
1249 3034 1320 3099 inco

175 3147 247 3230 illa,
280 3146 311 3209 br
325 3160 327 3166 ·
340 3144 507 3210 tenebrosa
534 3152 567 3209 et
587 3144 716 3210 terribili
738 3153 770 3211 et
792 3165 894 3211 amara
917 3153 947 3210 et
970 3145 1062 3210 iccda
1085 3145 1163 3227 aqua
1186 3159 1320 3224 supera-

175 3260 235 3339 tus,
259 3250 345 3335 quod
367 3259 415 3316 est
435 3252 559 3334 spiritus
580 3251 700 3318 lucidus
722 3253 822 3319 illatus
844 3271 937 3336 super
959 3272 1078 3336 aquam.
1130 3251 1206 3315 (ium
1228 3251 1321 3331 igitur

175 3407 184 3426 .
216 3400 1318 3426 ....................................
1326 3365 1357 3418 ab

175 3518 243 3570 isara
267 3509 316 3569 cir
340 3511 374 3569 G¹
477 3513 522 3568 ³7.
546 3513 618 3579 θεός,
638 3511 678 3583 ὃς]
697 3514 762 3578 θεὸς
779 3513 800 3570 (1
819 3513 848 3570 Μ
866 3513 1033 3588 Barnaysius
1147 3513 1192 3568 38.
1215 3531 1319 3579 κατενη-

174 3609 305 3679 νεγμένον
323 3603 346 3660 (1
459 3605 505 3659 40.
524 3606 746 3677 ωψεκραμένος]
765 3610 996 3680 συγκεκρυμμὲνος
1015 3603 1036 3660 (1
1053 3603 1096 3661 Μι
1115 3607 1320 3679 σνγκεκριμένος

176 3695 355 3770 Beruaysius.
393 3692 436 3752 Gi.
455 3694 525 3750 inira
544 3714 572 3768 p.
594 3696 654 3761 145,
673 3697 718 3752 38.
736 3697 789 3762 4ος
810 3695 870 3762 (46,
890 3697 933 3752 63.
953 3698 997 3751 64.
1017 3699 1052 3752 73
1065 3697 1109 3752 cd.
1130 3693 1182 3751 01.
1273 3699 1318 3753 41.

174 3788 241 3852 ἅλας
257 3791 310 3846 τῶν
326 3785 510 3860 Bernaysius:
530 3787 638 3842 ἀλᾶλων
655 3785 677 3843 (1
695 3786 727 3844 Μ
839 3786 963 3860 ὑπάρχον
980 3784 1003 3843 (1
1020 3786 1051 3844 Μ
1170 3789 1216 3844 42.
1236 3771 1319 3844 ’σπεῦ-

174 3883 224 3937 δον
242 3879 269 3948 (1
376 3866 425 3936 ib.
444 3879 488 3946 ὥς,
508 3884 590 3952 φησὶν
607 3914 642 3926 -
661 3883 742 3954 λέγει]
779 3876 1045 3952 RccteBarnapsius
1059 3880 1230 3946 [succumbo.
1247 3898 1318 3954 qaae

172 3972 299 4031 Miliarus
318 3973 353 4028 ad
372 3971 515 4046 sequentia
534 3970 682 4037 reserabat,
700 3972 867 4044 pertinuisse
886 3972 921 4026 ad
940 3989 987 4038 ea,
1014 3990 1084 4048 quac
1108 3972 1318 4036 interciderunt,

173 4063 322 4138 perspexit.
436 4063 482 4117 47.
509 4045 569 4116 lori.
605 4063 670 4125 Huic
687 4064 734 4118 sai
751 4069 811 4120 π’να
827 4064 939 4139 ninom·
957 4062 988 4120 Μ
1100 4066 1146 4120 48.
1172 4063 1319 4126 ἀπολυθείη

173 4154 355 4227 Barnaysiusr
375 4153 519 4214 ἀπολυθεὶς
537 4151 558 4208 (1
577 4151 607 4209 Μ
720 4158 765 4211 49.
790 4156 916 4230 βρασμῷ]
934 4156 1030 4228 βρόμῳ
1049 4153 1071 4212 (1
1091 4153 1121 4211 Μ
1140 4151 1318 4223 Rarnaysius.

174 4244 217 4302 Ci.
245 4245 316 4300 inira
341 4261 369 4318 p.
388 4246 457 4311 318,
485 4245 515 4299 ii
542 4245 585 4299 ed.
612 4242 665 4301 Ox.
782 4248 826 4302 52.
851 4247 984 4318 σκοτεινῷ]
1003 4247 1099 4317 mrcispi
1116 4243 1138 4300 (1
1156 4241 1200 4298 M:
1225 4245 1320 4312 occup

173 4333 342 4409 Bernaysins
458 4336 503 4393 ⁶³.
530 4339 725 4412 κεκρατημένον
751 4337 774 4394 (1
797 4337 828 4396 Μ
943 4339 987 4394 54.
1016 4336 1112 4395 ὕδατος
1135 4328 1319 4402 Beruaysiusr

173 4424 348 4504 pmiaGbi
