3006 4976
282 565 615 646 REFUTATIONIS
642 572 819 650 OMNIUM
847 578 1112 654 HAERESIUM

534 690 646 758 llllllll
676 693 852 770 QUINTUS.

606 855 792 874 ΕΙ*-

214 973 300 1045 llaec
327 979 434 1044 insunt
462 982 494 1045 in
522 985 628 1066 quinto
658 985 737 1050 lihro
769 983 963 1051 refutationis
992 983 1125 1048 omniurn
1153 982 1268 1048 haere-

126 1079 214 1147 sium.
581 1140 586 1148 .
1274 1107 1287 1156 l

213 1186 243 1250 2.
289 1189 375 1262 Quae
397 1189 546 1255 Naasseni
564 1194 675 1279 dicant,
699 1196 751 1277 qui
767 1213 802 1258 sa
816 1194 977 1278 gnosticos
995 1189 1166 1276 appellant:
1190 1208 1268 1274 quos

128 1291 179 1355 illa
199 1293 348 1380 profiteri,
372 1315 451 1379 quae
475 1302 559 1384 prius
579 1303 767 1371 Graecorum
792 1301 968 1384 philosophi
989 1309 1021 1364 et
1038 1300 1059 1362 ii
1074 1298 1125 1382 qui
1141 1300 1268 1380 mystica

128 1399 322 1465 tradiderunt
354 1405 488 1486 professi
518 1410 594 1492 sint,
627 1427 644 1472 a
679 1409 789 1491 quibus
809 1410 950 1491 proiecti
976 1407 1124 1474 haereses
1154 1389 1267 1470 condiss

128 1504 238 1572 derint.
275 1533 280 1548 ‹
1261 1521 1290 1575 ‘e

216 1615 244 1678 3.
288 1613 327 1676 Et
358 1633 510 1708 quaenam
539 1617 649 1699 placita
678 1621 739 1684 sint
765 1622 958 1705 Peratarum,
996 1637 1125 1700 quorum
1155 1621 1267 1704 dogma

130 1739 191 1786 non
216 1723 384 1788 manaverit
408 1742 425 1787 a
447 1726 545 1788 sacris
568 1729 735 1812 scripturis,
766 1729 823 1792 sed
846 1729 884 1792 ah
908 1726 1106 1812 astrologica.
1233 1733 1235 1738 '
1280 1721 1282 1726 ’

217 1827 247 1892 4.
290 1829 377 1904 Quae
413 1829 554 1895 doctrina
582 1834 621 1897 slt
649 1834 880 1920 sethianorum,
914 1835 967 1918 qui
995 1840 1137 1915 surrepta
1169 1834 1269 1897 Grae-

130 1949 236 1996 corum
258 1933 429 2015 sapientum
455 1935 595 2000 doctrina
617 1938 753 2024 Musaei,
786 1939 861 2026 Lini,
892 1927 1017 2022 Orphei,
1047 1955 1134 2000 suum
1157 1927 1269 2020 dogma

128 2039 422 2109 consarcinaverint.
1072 2116 1074 2120 .
1277 2061 1307 2112 10

214 2145 244 2212 5.
290 2147 377 2222 Quae
400 2148 461 2212 sint
485 2148 597 2231 placita
616 2148 738 2234 lustini‚
762 2149 855 2230 cujus
872 2148 985 2236 dogma
1009 2167 1071 2214 non
1094 2149 1268 2231 prolectam

128 2255 168 2320 sit
189 2274 207 2318 a
230 2256 328 2319 sacris
345 2256 513 2341 scripturis,
536 2255 594 2320 sed
608 2275 647 2320 en
661 2255 811 2319 Herodoti
826 2256 1267 2320 miraculosisnarrationibus.

215 2359 246 2426 6.
292 2363 370 2430 Satis
393 2365 503 2444 opinor
519 2370 663 2426 accurata
678 2381 757 2446 quae
779 2361 950 2443 placuerint
975 2363 1116 2426 omnihus
1136 2369 1166 2425 et
1189 2365 1270 2426 inter

129 2467 267 2532 Graecos
283 2476 315 2532 el
329 2471 409 2533 inter
423 2468 573 2547 barbaros
589 2468 781 2552 philosophis
799 2478 830 2533 et
846 2468 885 2532 de
904 2469 1007 2532 divino
1031 2471 1154 2532 numine
1178 2477 1209 2531 et
1231 2470 1269 2530 dc

129 2573 245 2642 labrica
261 2577 365 2643 mundi
380 2579 520 2658 exposita
537 2595 608 2643 esse
623 2579 653 2640 in
671 2583 816 2659 quattuor
831 2573 917 2637 libris
933 2577 1081 2656 proximis
1097 2575 1268 2656 superiori·
1279 2583 1309 2634 re

127 2682 205 2764 hus,
237 2699 368 2766 qnorum
390 2701 431 2746 ne
459 2684 634 2775 praestigiis
664 2683 787 2764 quidem
811 2682 1036 2766 praetermissis
1060 2700 1122 2747 non
1145 2683 1269 2744 inanem

127 2787 265 2854 laborem
288 2791 412 2872 suscepi
426 2789 562 2874 lecturis,
583 2789 716 2854 incitans
731 2785 842 2864 multos
862 2787 1054 2853 addiscendi
1074 2787 1268 2870 cupiditatem

128 2905 160 2960 et
182 2896 221 2960 ad
244 2903 358 2959 certam
382 2894 589 2978 'cognitionem
611 2897 759 2960 veritatis.
803 2895 994 2977 Relinquitur
1017 2893 1271 2976 ergorelutatio-

129 3020 198 3066 nem
228 3001 403 3067 haeresium
437 3002 581 3088 aggredi,
613 3011 742 3086 propter
772 3021 863 3086 quarn
892 3004 981 3065 etiarn
1012 3018 1105 3083 supra
1134 3021 1151 3064 a
1181 3001 1269 3064 nohis

130 3109 211 3172 dicta
234 3112 442 3196 exposuimus,
473 3130 491 3174 a
514 3111 622 3193 quihus
646 3109 778 3194 protecti
800 3107 1039 3173 haeresiarchae
1060 3109 1156 3171 instar
1178 3099 1308 3171 vete-ud

128 3217 385 3282 comentariorum
406 3220 620 3287 consarcinata
643 3217 681 3280 ad
704 3207 838 3299 ipsorum
864 3217 1039 3297 opinionem
1062 3223 1202 3279 veterum
1217 3233 1272 3277 er·-

126 3331 193 3389 rata
225 3330 369 3406 tanquan
397 3342 479 3390 nova
508 3331 739 3407 proposuerunt
767 3325 820 3408 iis,
852 3323 903 3403 qui
932 3323 962 3383 in
993 3317 1132 3386 amorem
1167 3321 1271 3385 induci

130 3435 269 3513 pessunt,
300 3437 334 3494 ut
358 3431 448 3496 iniis
471 3449 551 3512 qnae
576 3439 745 3511 sequnntur
768 3426 1052 3492 demonstrabimus.
1105 3427 1171 3491 Jarn
1194 3446 1273 3509 pro-

130 3545 222 3601 vocat
244 3553 303 3601 nos
324 3520 444 3621 tempus
467 3537 506 3600 ad
530 3555 653 3621 eornm,
678 3553 759 3616 quae
781 3541 853 3598 sunt
875 3533 974 3596 nostri
996 3535 1118 3618 operis,
1153 3539 1272 3596 tracta-

129 3645 245 3708 tionem
275 3644 444 3728 accedere,
472 3644 557 3707 initio
587 3641 625 3705 ah
660 3643 704 3706 eis
735 3639 843 3722 ducto,
881 3640 931 3720 qui
961 3640 1028 3702 susi
1057 3645 1129 3702 sunt
1157 3642 1272 3702 erroris
1282 3655 1336 3704 aa

129 3782 154 3846 8,
178 3781 215 3836 Sd
237 3779 335 3834 eodm
358 3779 413 3852 γὰρ
437 3779 553 3851 μάλιστα
570 3779 722 3854 γεγένηνται
739 3774 1009 3848 methymneus
1027 3776 1157 3848 αἱρέσεων
1170 3795 1273 3850 πρωτο-

128 3868 311 3934 mamre
335 3885 406 3941 quae
430 3886 513 3924 voces
539 3868 680 3925 addendae
705 3867 809 3922 lexicis.
839 3864 870 3921 Μ
940 3859 1111 3920 Μουσὲουῦ
1226 3864 1272 3920 34.
1391 3864 1395 3872 “

129 3953 252 4011 chiac
361 3955 554 4030 ‘Hpudo'rocC
676 3959 721 4013 37.
740 3956 797 4012 κατ’
819 3953 841 4010 C
913 3953 958 4009 38.
978 3952 1137 4024 φιλοσόφοις
1150 3948 1275 4007 omCM

128 4048 174 4103 ³9.
198 4050 266 4118 ναῖς]
290 4053 345 4110 τοῖς
369 4045 391 4104 C
414 4045 445 4103 Μ
558 4049 603 4104 40.
633 4049 815 4122 παραλείψας]
842 4043 1020 4112 ἀποκαλύψας
1043 4040 1113 4098 ΕΜ
1227 4044 1272 4097 41.

129 4137 325 4212 duadidssypaaa
342 4138 416 4212 prG
533 4142 579 4196 44.
599 4133 631 4196 οὗ
645 4141 740 4216 χάριν]
760 4138 848 4194 τούτου
864 4137 949 4212 χάριν
966 4131 1004 4199 Μ,
1022 4132 1069 4205 qui
1089 4130 1200 4186 inAdd.
1212 4147 1272 4184 roc.

128 4231 218 4286 redeas
236 4229 342 4288 litterar
361 4233 389 4288 iu
409 4229 432 4288 C
450 4249 564 4304 promus
584 4234 688 4290 ablatas
708 4231 776 4287 dicit
891 4229 935 4284 45.
958 4222 1138 4298 permaxime]
1161 4223 1275 4293 ΡΜ·

126 4323 215 4394 βόας
237 4340 312 4396 susp.
330 4322 361 4379 Μ
474 4326 519 4379 46.
547 4325 792 4399 [aonyoeardccvrar
811 4319 843 4376 Μ
861 4319 891 4374 in
909 4316 997 4372 Adde
1017 4347 1141 4369 .....
1169 4310 1274 4366 murd-

127 4411 255 4476 sameG
363 4418 409 4472 tt.
428 4413 523 4472 aest
