3050 4988
599 295 845 379 vnnsnrtnrnm.
1223 317 1283 386 est

146 493 180 552 ut
202 491 302 551 motos
325 502 406 552 aeon
437 491 469 550 et
494 484 630 550 universi
656 486 830 567 pleromatis
857 485 999 571 suboles,
1035 491 1069 550 ut
1091 485 1289 554 discederent

146 593 328 658 allectiones
350 593 389 658 ub
411 591 480 676 illa,
513 589 709 673 reddiditque
731 591 798 656 illas
819 591 1038 676 substantiales
1061 595 1234 679 essentias,
1258 602 1289 659 et

148 708 260 772 metum
289 699 411 782 quidem
437 698 598 762 animalem
620 697 753 763 reddidit
775 701 957 784 essentiam,
989 717 1162 764 maerorem
1188 707 1328 764 autenm

147 807 354 890 mutetialcrb,
383 808 664 872 consternationem
694 811 797 872 autem
827 803 1022 886 daemonum,
1052 807 1289 872 couversionem

148 921 250 978 autem
272 919 304 978 st
323 913 534 995 precationem
557 919 589 978 et
608 912 861 996 supplicationem
883 910 1018 976 reddidit
1044 913 1228 978 raditionem
1259 922 1290 978 et

148 1019 366 1102 paenitentiam
399 1024 431 1083 et
463 1025 647 1102 potestatem
681 1019 818 1084 animalis
852 1019 1025 1110 essentiae,
1048 1037 1129 1102 quae
1161 1029 1290 1085 vocatur

149 1125 266 1188 dextra.
320 1125 505 1208 Demiurgus
534 1146 552 1191 a
583 1133 682 1206 metu;
713 1125 775 1189 boo
802 1132 851 1188 est
880 1124 964 1208 quod
988 1127 1040 1211 ait,
1070 1127 1177 1208 inquit,
1209 1128 1290 1194 scri-

148 1239 256 1314 pture:
286 1233 388 1298 ttmor
419 1233 534 1298 domm
558 1232 746 1316 principium
776 1231 921 1314 Sopbioe.
979 1231 1046 1296 lloc
1068 1231 1150 1295 enirn
1173 1231 1329 1314 princi-o

149 1339 231 1420 pium
254 1337 388 1421 Sophiae
411 1337 584 1404 affectuum.
629 1338 767 1402 Timebat
789 1340 881 1424 enim,
903 1347 965 1402 tum
986 1335 1154 1422 maerebat,
1177 1335 1291 1400 deinde

149 1443 406 1508 consternebatur
430 1449 464 1509 et
492 1446 535 1508 ita
558 1444 597 1509 sd
617 1447 825 1533 precationem
848 1450 879 1509 et
900 1444 1153 1526 supplicationem
1177 1441 1292 1506 coniu-

148 1551 204 1634 git.
248 1549 304 1614 tlst
326 1556 426 1614 autem
449 1553 551 1636 ignes,
580 1552 688 1635 inquit,
711 1551 849 1616 animolis
871 1549 1016 1634 essentia,
1040 1546 1210 1632 appellatur
1232 1566 1292 1611 su·

149 1661 211 1719 tem
246 1662 277 1720 et
306 1655 394 1721 loeus
415 1656 587 1721 medietatis
621 1657 659 1721 ab
690 1657 788 1721 iio'et
810 1655 980 1722 hebdomas
1002 1660 1034 1718 et
1056 1661 1196 1718 vetustus
1220 1652 1291 1716 die-

147 1777 235 1842 rum;
256 1768 288 1826 st
309 1780 389 1844 quas
412 1764 472 1829 alia
498 1762 718 1830 eiusdemmodi
740 1764 778 1828 de
801 1764 861 1828 boc
880 1763 998 1846 dicunt,
1021 1760 1101 1826 baec
1123 1759 1228 1824 valere
1251 1759 1330 1826 doto

149 1869 281 1954 animoli,
304 1888 397 1951 quem
419 1871 504 1938 siunt
525 1889 597 1935 esse
620 1870 723 1936 mundi
745 1870 955 1954 demiurgum
978 1877 1024 1935 est
1047 1874 1148 1933 autem
1171 1869 1292 1952 igneus.

148 1973 238 2062 Dicit,
260 1975 367 2058 iuquit,
391 1982 422 2042 et
442 1976 562 2042 lloses:
592 1978 742 2042 Dominus
763 1977 838 2040 deos
864 1983 932 2040 taes
952 1977 1035 2058 ipsis
1057 1959 1293 2040 estcomboreos

150 2088 181 2144 et
201 2099 391 2145 commento
446 2083 565 2146 Etenim
593 2082 653 2148 boc
683 2085 725 2148 ita
752 2085 896 2166 scriptum
926 2081 999 2147 vult.
1020 2127 1024 2135 -
1048 2081 1171 2164 Duplex
1192 2089 1292 2146 autem

151 2186 454 2274 praesumimus,
478 2196 525 2254 est
546 2194 684 2271 potestas
706 2188 804 2274 ignis;
834 2195 882 2278 est
909 2189 989 2252 enim
1012 2189 1093 2271 ignis
1116 2189 1293 2253 omnivorus

150 2295 202 2378 qui
236 2295 373 2376 extingui
405 2300 548 2378 nequeat.
747 2293 801 2358 Ex
829 2293 889 2358 bac
916 2295 1009 2377 igitur
1036 2301 1124 2378 parte
1155 2293 1332 2359 mortalisne

151 2397 303 2481 quaedam
338 2408 384 2464 est
413 2404 531 2483 anime,
564 2419 633 2466 cum
665 2399 814 2465 medietas
851 2400 1003 2482 quaedam
1036 2403 1093 2483 sit;
1127 2408 1175 2465 est
1212 2402 1292 2465 onim

150 2506 323 2572 bebdomas
340 2516 372 2573 et
392 2509 527 2592 requies.
571 2508 626 2573 list
647 2515 747 2573 autem
770 2506 878 2572 subter
897 2507 1082 2593 ogdoadem,
1104 2508 1157 2572 ubi
1171 2511 1220 2571 ost
1232 2507 1294 2572 So-

151 2613 233 2698 pbia,
256 2615 323 2679 dies
338 2615 496 2700 formatus,
518 2622 550 2681 et
563 2614 739 2680 Communis
761 2611 939 2694 pleromotis
956 2612 1087 2696 tructus,
1109 2629 1201 2696 supra
1225 2631 1294 2675 mo-

150 2722 261 2786 teriem
292 2729 412 2806 autom,
443 2723 531 2786 cuius
561 2727 609 2786 est
639 2720 827 2803 demiurgus.
883 2717 939 2782 Ubi
965 2721 1059 2803 igitur
1080 2716 1295 2784 assimilabitur

150 2826 362 2910 superioribus
385 2827 460 2914 illis,
491 2826 553 2892 boc
576 2834 625 2892 est
649 2824 801 2910 ogdoadi,
823 2825 1002 2890 immortalis
1026 2825 1129 2890 evadit
1150 2823 1333 2904 venitqueso

151 2933 182 2996 in
206 2932 398 3017 ogdoadem,
421 2951 502 3017 quse
525 2932 664 3021 quidem,
696 2935 809 3016 inquit,
844 2939 892 2999 est
914 2932 1104 2998 Hierusalem
1130 2926 1294 3005 caelestis;

152 3040 204 3104 ubi
227 3047 328 3104 autem
353 3040 569 3105 assimilabitur
591 3041 756 3128 materiae,
784 3039 847 3106 boc
871 3047 919 3106 est
941 3037 1101 3105 obectibus
1123 3033 1295 3099 materiali·

154 3147 222 3233 bus,
244 3145 327 3212 buna
349 3145 408 3212 erit
431 3152 464 3211 et
484 3147 596 3238 interit

238 3341 289 3410 33.
335 3343 430 3409 Sicuti
452 3345 545 3428 igitur
568 3345 706 3411 animulis
729 3347 885 3412 essentias
908 3345 1006 3428 prime
1029 3350 1060 3407 et
1078 3343 1207 3408 maxims
1221 3346 1296 3425 pot-

152 3458 234 3514 estas
258 3451 369 3515 existit
384 3497 518 3516 .....
542 3452 644 3534 imego
669 3453 819 3538 diabolus,
838 3470 896 3516 rex
918 3450 1022 3516 mundi
1044 3451 1143 3534 buius,
1166 3450 1335 3514 daemo-st

156 3575 229 3620 num
252 3565 352 3622 eutem
376 3556 543 3640 esseutiae,
572 3576 652 3641 quae
676 3559 798 3640 quidem
821 3565 869 3622 est
892 3579 911 3623 e
934 3557 1204 3642 consternatione,
1231 3557 1296 3621 Be-

152 3662 282 3748 elzebul,
305 3664 420 3747 Sopbia
442 3681 577 3747 superne
599 3666 637 3730 ab
661 3663 809 3750 ogdoade
833 3683 966 3748 operans
989 3682 1088 3748 usque
1110 3661 1150 3728 ad
1172 3661 1297 3727 bebdo-

151 3893 198 3948 stoi
216 3889 388 3970 κατάπαυσις]
413 3889 455 3950 cl.
476 3893 489 3948 1
505 3892 578 3950 Mos.
596 3897 624 3962 D,
639 3897 668 3951 D.
713 3896 770 3950 Καὶ
787 3896 945 3952 συνετέλεσεν
963 3893 978 3948 d
996 3893 1060 3956 dade
1077 3894 1106 3948 dr
1122 3892 1152 3968 τῇ
1167 3892 1300 3968 ἢμέρᾳή

151 3985 208 4058 intpp
225 3984 256 4038 roi
275 3985 342 4056 dpyn
361 3984 455 4052 αὐτοῦ,
482 3982 500 4041 ἃ
522 3987 638 4053 ἐποίησε,
667 3986 714 4041 καὶ
737 3989 882 4042 amium
905 3985 936 4060 τῇ
957 3985 1043 4058 ἡμέρᾳ
1066 3985 1096 4059 τῇ
1119 3984 1221 4058 ἑβδόμη
1244 3984 1298 4038 sind

150 4075 257 4132 πάντων
272 4075 324 4138 τῶν
341 4077 430 4147 Ιργων
447 4075 542 4142 αὐτοῦ,
560 4069 600 4132 ὦν
617 4081 728 4145 tueha.
821 4077 864 4133 12.
883 4076 969 4151 ἢμὲρα
986 4073 1199 4150 μιμορφυμένη]
1211 4074 1299 4150 ἡμέρα

150 4167 320 4240 μορφιψὲνη
338 4162 374 4221 C:
398 4166 634 4242 ἧμιμορφωμένη
654 4167 687 4225 Β.
702 4167 824 4226 Scottus.
867 4167 911 4225 Cf.
929 4167 985 4241 Dp.
1007 4167 1127 4224 Bsmsb.
1165 4164 1233 4238 cap.
1254 4166 1297 4220 15.

152 4266 182 4315 et
200 4255 287 4329 lgmt.
306 4255 359 4329 Ep.
379 4257 414 4313 ad
432 4257 557 4331 blagner.
577 4258 644 4334 Cap.
658 4263 685 4317 9.
797 4261 839 4319 ld.
857 4253 897 4337 ἧς]
917 4261 933 4328 ἥ
951 4259 974 4317 C
991 4258 1021 4316 11
1113 4259 1155 4314 ii.
1175 4250 1233 4332 eiu]
1252 4273 1297 4310 om

152 4347 223 4406 GM
339 4351 382 4405 17.
404 4351 553 4420 imarum»
580 4347 724 4424 Bosporus
858 4353 902 4411 lb.
920 4351 1091 4408 Exciderunt
1108 4347 1241 4423 quasdam
1260 4347 1296 4402 ob

157 4442 361 4520 dpososs'dmor,
380 4451 411 4501 ttt
429 4440 545 4498 ridetur.
564 4438 595 4497 Μ
