3052 4984
655 360 824 418 DOCETAE.
1248 356 1308 424 421

170 531 262 615 igitur
284 528 324 594 ad
346 530 508 595 salvatoris
531 529 752 612 apparitionem
776 546 794 591 s
814 529 874 592 deo
898 528 975 593 lucis
997 529 1121 612 igneae,
1144 523 1318 611 demiurgo,

170 638 262 702 multa
285 638 436 720 quaedam
469 644 535 701 erat
567 639 681 702 erratio
717 640 899 714 animarum;
928 638 1049 700 animae
1072 635 1209 721 (ψυχαί)
1237 637 1317 699 enim

170 746 262 811 idere
298 745 503 828 appellantur,
544 745 616 828 quia
648 745 855 829 refrigeratae
895 763 912 807 a
943 743 1087 826 supernis
1119 745 1151 806 in
1179 743 1318 807 tenebris

168 861 338 940 peragunt,
370 859 590 918 transmutatae
618 871 636 916 e
665 852 850 934 corporibus
886 851 917 914 io
948 868 1079 932 corpora
1110 869 1127 913 a
1157 850 1317 935 demiurgo

168 960 330 1026 custodito.
375 962 460 1024 llaec
483 966 584 1024 autem
608 962 649 1024 ita
671 978 758 1044 esse,
781 961 895 1043 inquit,
918 957 990 1022 licet
1011 959 1102 1022 etiam
1126 975 1166 1021 ex
1188 956 1242 1022 lob
1265 959 1358 1026 in-ro

169 1067 325 1153 tolligere,
350 1086 419 1132 cum
443 1067 533 1131 dicit:
567 1066 608 1131 lit
641 1086 699 1149 epo
734 1086 801 1130 sum
830 1085 903 1130 erro
930 1072 961 1128 ct
994 1066 1027 1128 io
1060 1065 1159 1128 locum
1192 1085 1209 1128 c
1240 1066 1318 1129 locis

167 1177 322 1239 transierat
344 1184 375 1238 et
395 1177 428 1238 io
450 1177 572 1239 domum
593 1195 636 1238 ee
658 1176 748 1238 domo
760 1224 769 1259 ,
800 1182 831 1238 et
854 1191 922 1236 cum
947 1172 1082 1237 salvator
1106 1172 1195 1236 dicit:
1228 1173 1316 1236 Etsi

165 1285 258 1348 cultis
280 1284 439 1366 recipere,
474 1285 540 1365 ipse
569 1291 616 1346 cst
644 1281 752 1367 Elius,
775 1282 828 1364 poi
849 1289 997 1346 uenturus
1018 1289 1073 1344 est.
1135 1280 1196 1357 Oui
1223 1279 1316 1343 babet

165 1410 259 1454 cures
281 1391 428 1454 audiendi
452 1392 570 1453 audiet.
621 1388 697 1452 lnde
722 1395 824 1453 autem
849 1406 867 1451 a
893 1387 1050 1453 salvatore
1073 1387 1214 1468 migratio
1243 1389 1315 1450 ani-

165 1517 282 1562 marum
305 1499 454 1580 cessavit,
484 1495 562 1560 fides
590 1515 665 1560 voro
695 1495 892 1578 praedicatur
923 1493 962 1556 ad
990 1496 1205 1558 remissionem
1234 1509 1354 1576 pec-³0

166 1613 313 1671 cetorum.
358 1603 423 1668 'lali
444 1604 577 1686 quodam
602 1601 695 1668 modo
725 1603 904 1687 unigenitus
934 1601 1014 1666 lilius
1041 1601 1109 1686 ille,
1142 1621 1211 1666 cum
1235 1621 1317 1668 aeo-

165 1731 255 1792 num,
284 1711 336 1794 qui
367 1729 458 1792 supra
485 1717 578 1794 sunt,
617 1711 703 1774 ideos
724 1709 846 1772 videret
869 1709 1005 1792 desuper
1038 1715 1254 1774 transmutatos
1285 1712 1315 1773 in

163 1819 366 1884 tenebricosis
390 1819 591 1900 corporibus,
621 1817 755 1881 liberare
779 1835 834 1881 eas
857 1817 1052 1881 descendens
1075 1816 1180 1882 voluit.
1239 1817 1314 1882 Cum

162 1934 263 1992 autem
280 1929 382 2011 sciret,
406 1932 438 1991 ut
457 1925 595 2008 pleroma
619 1926 831 1989 universorum
855 1943 986 1989 aeonum
1003 1925 1092 1988 simul
1104 1922 1255 2008 viderent,
1275 1945 1314 1988 ne

162 2053 280 2101 aeones
307 2034 431 2119 quidem
453 2033 574 2116 volere,
597 2033 653 2100 sed
677 2041 894 2098 consternatos
917 2048 973 2097 eos
997 2031 1212 2114 corruptibiles
1236 2051 1350 2106 cor-ss

160 2145 332 2226 ruptionem
356 2144 433 2224 pati,
453 2140 662 2223 magnitudine
685 2149 716 2204 et
741 2140 906 2223 splendore
934 2141 1096 2224 potestatis
1130 2146 1310 2224 correptos:

162 2251 267 2334 coegit
295 2267 331 2313 se
355 2256 498 2330 tanquam
527 2248 631 2331 fulgur
661 2249 823 2312 mammem
855 2247 885 2309 in
920 2249 1042 2313 minimo
1066 2267 1216 2333 corpore,
1248 2252 1309 2313 imo

160 2372 234 2417 vero
257 2361 402 2435 tanquam
424 2353 527 2420 lumen
550 2356 630 2420 oculi
661 2356 719 2419 sub
742 2354 895 2436 palpebris
924 2361 1079 2436 coactum,
1110 2363 1141 2418 et
1168 2357 1311 2437 pervenit

158 2478 257 2542 usque
270 2459 308 2524 od
322 2461 450 2543 caelum,
465 2462 633 2544 stellisque,
648 2479 728 2543 quac
740 2462 781 2525 ibi
793 2467 872 2545 sunt,
883 2461 1034 2525 contactis
1050 2477 1158 2525 rursus
1176 2479 1212 2525 se
1221 2467 1306 2546 cogit

158 2567 214 2631 sub
228 2567 380 2650 palpebris
404 2569 485 2634 oculi
500 2569 624 2652 quondo
642 2570 712 2633 vult.
757 2568 904 2648 ldemquc
926 2586 993 2630 cum
1006 2567 1079 2632 lacit
1092 2569 1195 2634 lumen
1213 2570 1305 2654 oculi,
1316 2579 1346 2633 to

159 2673 242 2756 quod
264 2682 293 2737 ot
317 2674 432 2756 ubique
456 2677 560 2739 existit
583 2683 614 2740 et
637 2677 756 2757 omnia,
779 2673 869 2738 nobis
892 2681 939 2737 est
962 2675 1130 2752 occultum,
1153 2677 1305 2742 cernimus

158 2787 260 2844 autem
287 2799 346 2845 nos
376 2781 418 2844 nil
450 2784 508 2845 nisi
540 2784 620 2846 oculi
643 2782 822 2866 palpebras,
846 2780 977 2863 angulos
1004 2780 1169 2868 candidos,
1205 2800 1306 2846 mem-

157 2888 283 2952 branam
306 2888 406 2952 laxam
419 2940 427 2973 ‚
451 2891 622 2974 sinuosum,
642 2907 807 2972 venusam,
830 2889 962 2952 tunicam
985 2906 1151 2974 corneum,
1187 2891 1244 2954 sub
1268 2908 1303 2955 ea

157 3004 259 3060 autern
295 2996 438 3078 pupillum
467 3015 676 3082 racemosam,
711 2996 921 3078 reticulatam,
959 2997 1177 3082 orbiculatam,
1214 3005 1244 3061 et
1278 3001 1305 3063 si

157 3121 237 3185 quae
260 3102 339 3167 aliae
360 3103 480 3168 luminis
504 3104 585 3168 oculi
608 3112 677 3168 sunt
708 3105 848 3188 tunicae,
884 3103 994 3185 quibus
1023 3107 1162 3170 vestitum
1194 3106 1343 3174 occul-tt

156 3217 249 3276 tatum
285 3218 341 3275 est.
398 3212 458 3296 lta,
491 3213 605 3296 inquit,
645 3209 823 3295 unigenitus
857 3209 936 3274 lilius
974 3229 1108 3292 superne
1146 3220 1303 3299 aeternus,

156 3317 374 3398 superindutus
405 3318 575 3383 secundum
598 3319 737 3400 singulos
760 3335 901 3399 quosque
930 3318 1011 3381 tertii
1037 3319 1144 3384 sconis
1175 3339 1303 3406 aeones,

155 3441 224 3486 cunr
247 3425 346 3487 extitit
367 3425 397 3486 in
422 3423 613 3488 triacontade
644 3442 792 3507 aeonum,
820 3425 955 3488 introivit
985 3426 1015 3488 in
1043 3426 1125 3490 bunc
1157 3428 1301 3492 mundum

154 3537 275 3615 tantus,
299 3539 444 3613 quantum
467 3532 617 3617 diximus,
650 3530 805 3614 occultus,
840 3533 985 3617 ignotuS,
1019 3533 1187 3618 obscurus,
1217 3553 1302 3598 oon·

154 3639 296 3701 creditus.
342 3637 380 3700 Ut
401 3640 508 3724 igitur,
531 3641 671 3722 inquiunt
693 3641 846 3720 Docetaa,
869 3640 960 3702 etiam
988 3641 1125 3704 tenebris
1150 3641 1342 3716 induere-so

152 3749 202 3806 tur
225 3744 450 3832 exterioribus,
474 3781 515 3796 -
539 3765 662 3810 carnem
686 3745 823 3810 dicit-
847 3747 994 3831 angelus,
1030 3748 1081 3828 qui
1111 3748 1140 3811 ei
1167 3751 1301 3813 comita-

153 3857 202 3913 tus
224 3858 272 3914 cst
294 3869 443 3936 superne,
475 3852 591 3918 blariae
612 3853 726 3917 laetum
747 3854 892 3917 nuncium
915 3853 1031 3940 attulit,
1064 3855 1177 3937 inquit,
1211 3857 1299 3919 sicuti

152 3957 297 4039 scriptum
322 3964 379 4021 est.
426 3959 611 4046 Generaturn
634 3968 681 4024 cst
707 3960 752 4043 id,
786 3959 870 4042 qnod
899 3978 939 4024 ex
962 3978 998 4023 ea
1029 3967 1077 4024 est
1106 3966 1297 4045 generatum,

152 4143 848 4222 ἀθρόαν]οῑᾶθρόονῦιοῐᾶθρόωῦὴῐ.Ρεῑεῐεααίαι
884 4152 929 4206 40.
940 4147 1297 4222 olJoiricbr.Peienenius

151 4240 195 4294 44.
208 4237 360 4308 ἐπιψαύσας
371 4237 431 4316 τῶν]
446 4241 651 4310 responsorios
665 4239 699 4297 C:
715 4243 920 4314 inrpcoorirrurv
929 4241 959 4299 M
1037 4243 1082 4298 45.
1100 4242 1185 4315 roim]
1203 4244 1298 4298 rodrd?

150 4331 195 4386 47.
202 4331 247 4386 48.
262 4331 348 4404 ipim
358 4330 448 4409 εὐρὺν]
459 4334 559 4407 ὑμένας
571 4335 615 4407 diu
628 4333 664 4389 C:
683 4336 770 4410 ὑμένα
783 4337 912 4408 σάρκινον
923 4335 1066 4409 Roepet'us
1115 4338 1161 4392 48.
1171 4341 1297 4406 noiormp·

149 4420 398 4498 etrapnotomuor
416 4442 448 4497 pr
468 4423 504 4490 C,
525 4426 620 4482 eadem
640 4445 721 4482 manu
741 4438 871 4484 mutatum
891 4429 920 4483 iu
937 4428 1134 4497 noloxrprdo'au
1250 4432 1295 4488 52.

149 4511 256 4590 αἰῶνος]
275 4517 368 4579 αἰῶνες
387 4515 447 4573 CM
520 4521 565 4576 5³.
583 4520 657 4576 τόνδε
675 4521 730 4593 τὸν]
747 4523 791 4576 τὸν
809 4523 917 4576 δέκατον
936 4519 997 4577 CM
1075 4521 1120 4578 58.
1136 4520 1296 4597 'Eytmjdnss
