3056 4970
625 337 787 400 tustinus,
1249 333 1313 404 219

165 506 293 590 inguina
314 505 463 572 horribile
484 505 637 589 quoddam
663 513 816 589 spectrum
844 508 979 590 viperae.
1035 506 1186 591 Cupidine
1213 517 1313 574 auteur

166 609 346 698 moriendi
384 615 456 698 equi
486 613 668 696 obsequitur
694 614 806 680 betuaa
838 614 1008 696 Hercules3
1047 618 1196 702 coguovit
1232 619 1313 682 enim

167 739 236 788 eona
259 729 292 785 et
312 723 387 787 iecit
405 722 573 806 gravidam,
595 729 627 786 et
648 721 803 804 praedixit
823 723 852 788 ei
873 729 945 804 poet
966 724 1177 804 coguitionem
1198 723 1366 820 habereut·
1416 773 1421 782 .

167 829 249 894 iiiam
272 849 313 896 ex
332 847 368 895 ae
389 832 420 894 iu
442 836 533 894 utero
559 835 623 892 tree
652 829 741 894 simui
767 828 866 914 blica,
896 831 948 912 qui
981 830 1101 911 quidem
1130 830 1224 896 futuri
1253 833 1314 896 rint

166 927 311 1002 illustres·
364 936 456 1002 lueait
478 942 580 1000 autem
603 935 654 1000 ubi
676 938 739 1000 uati
760 936 865 1000 icrunt
887 937 1010 1000 nomina
1032 936 1090 1002 illis
1112 955 1231 1020 ponera
1253 957 1313 1022 pa·

168 1051 290 1108 rentem
310 1043 534 1128 Apatbprauau,
559 1043 710 1108 Gelouurn
732 1050 764 1108 et
785 1041 939 1127 Scptbaru.
990 1043 1104 1109 Nactus
1118 1051 1229 1110 autent
1251 1045 1313 1112 bu-

167 1151 215 1216 iua
246 1151 381 1216 muueris
408 1153 540 1236 gratiam
570 1167 682 1232 equum
710 1169 728 1214 a
756 1151 876 1214 beatiali
898 1150 1017 1235 virgine
1041 1149 1222 1216 discedebat
1243 1171 1312 1216 cuna
1389 1185 1397 1210 ι

167 1259 268 1324 bobua
294 1260 368 1323 auis.
419 1259 527 1342 Longa
550 1265 652 1322 auten
674 1257 845 1341 posthaec
867 1257 970 1323 sabula
994 1265 1040 1323 est
1061 1257 1231 1342 Herodoto,
1253 1271 1350 1326 va·eo

166 1367 354 1432 leat-auteur
374 1368 405 1430 in
429 1383 589 1450 praeseus.
643 1365 729 1440 Quae
753 1373 853 1430 auten
874 1365 991 1430 lustiuo
1013 1365 1155 1448 placeant
1176 1367 1314 1432 transie-

166 1475 249 1540 reuti
270 1473 403 1539 iabuiana
425 1473 507 1538 iilam
529 1475 561 1537 in
583 1472 799 1537 uniuersorum
813 1474 1002 1538 creationem
1017 1488 1076 1537 noe
1091 1474 1311 1542 onanabinua.

253 1579 306 1644 26.
350 1582 407 1646 iiic
429 1582 490 1646 ait:
523 1581 620 1647 Erant
640 1580 699 1644 tria
719 1580 867 1662 principia
890 1579 1104 1646 uniuersorum
1120 1581 1313 1668 ingenerata,

167 1683 305 1754 mascula
327 1687 400 1764 duo,
423 1688 604 1753 femininum
626 1705 729 1752 uuum.
781 1687 986 1752 flosculorum
1010 1694 1111 1751 auteur
1134 1706 1229 1756 uuum
1252 1707 1312 1755 vo-

166 1805 256 1862 catur
278 1795 391 1882 Bonus,
412 1796 512 1880 ipsum
532 1795 593 1861 boc
613 1795 866 1877 commonentus,
890 1796 1071 1878 praesciens
1087 1799 1348 1866 uuiversum-,au

166 1903 307 1970 Alterum
336 1907 437 1970 aut'em
459 1913 547 1988 pater
570 1905 703 1970 omnium
726 1909 961 1988 generatorum,
994 1921 1057 1967 uon
1078 1907 1259 1987 praescieras
1282 1913 1314 1970 et

166 2013 296 2096 ignarae
326 2019 359 2077 et
388 2013 455 2076 visu
489 2029 609 2076 carone.
680 2010 869 2074 Femininum
901 2016 1003 2076 auten
1031 2029 1095 2077 uon
1122 2014 1312 2099 praesciens,

169 2120 365 2204 iracundum,
392 2121 526 2204 binaeue,
559 2119 721 2203 bicorpor,
750 2119 936 2200 peremnia
966 2118 1077 2203 uirgini
1105 2138 1189 2202 quae
1212 2127 1260 2184 est
1281 2123 1311 2185 in

166 2227 347 2293 Herodotea
367 2226 470 2292 tabula
492 2227 610 2312 cinito,
639 2225 816 2309 inguinibus
838 2231 930 2290 tenue
951 2227 1057 2310 virgo,
1080 2228 1186 2310 vipera
1209 2236 1312 2294 autem

167 2334 255 2420 iutra,
278 2341 313 2398 ut
336 2336 378 2398 ait
398 2333 540 2398 Iustinus.
591 2333 727 2398 Vocatur
752 2340 854 2398 autern
875 2331 954 2397 boec
976 2334 1065 2418 virgo
1088 2333 1195 2398 Edem·
1208 2340 1238 2398 et
1259 2335 1332 2400 la-1

167 2441 245 2508 rabi.
288 2441 387 2524 Haec,
422 2441 536 2524 inquit,
566 2440 714 2522 principia
737 2440 968 2523 universorum,
998 2439 1121 2504 radices
1143 2448 1176 2504 et
1197 2441 1311 2526 tontes,

168 2548 253 2614 uude
276 2549 377 2612 ornuia
401 2549 576 2632 extiterunt,
599 2545 680 2612 aliud
704 2553 804 2611 autern
827 2552 895 2610 erat
916 2545 998 2611 nibil.
1050 2547 1124 2612 Cum
1146 2548 1242 2632 igitur
1265 2553 1313 2615 vi·

168 2655 212 2720 dit
241 2655 470 2738 senivirgiuena
500 2653 582 2719 ibam
607 2659 695 2738 pater
723 2671 786 2717 non
809 2655 989 2734 praesciens
1011 2652 1061 2719 ille
1082 2654 1196 2739 iidem,
1228 2659 1311 2720 venit

166 2763 200 2826 iu
227 2761 421 2846 cupiditatem
451 2761 529 2826 eiua.
579 2759 698 2824 Elobiru
728 2769 828 2825 autem
858 2765 987 2824 vocatur
1011 2760 1062 2826 bic
1090 2770 1188 2844 pater.
1239 2764 1334 2828 Nono

168 2875 271 2934 autent
293 2869 392 2934 minua
419 2867 565 2932 attidem
587 2867 751 2932 tenebatur
772 2866 938 2949 cupiditate
958 2866 1095 2951 mohin,
1129 2875 1160 2932 et
1187 2871 1309 2936 condu-

167 2977 214 3040 xit
236 2993 293 3042 coa
315 2975 463 3059 cupiditas
481 2975 513 3038 in
531 2993 625 3040 unum
648 2975 763 3038 arnorie
784 2991 997 3059 congressum.
1054 2975 1191 3042 denerat
1209 2983 1310 3042 autern

167 3102 208 3148 ex
230 3100 402 3168 conpressu
428 3081 481 3148 tali
510 3089 598 3165 pater
628 3101 668 3148 ex
690 3081 787 3146 Edem
810 3083 931 3147 sibimet
952 3083 1010 3165 ipsi
1032 3082 1164 3168 angelos
1186 3085 1309 3150 duode-

166 3193 235 3256 cinu.
287 3189 417 3256 Nomina
451 3195 552 3254 autem
581 3196 653 3254 sunt
681 3199 879 3270 paternorum
909 3191 1093 3274 angelorum
1122 3191 1218 3257 baec:
1249 3192 1310 3256 bii-

167 3297 267 3381 cbaei,
290 3297 398 3380 Arnon,
419 3295 549 3381 buruch,
572 3295 695 3361 Gabriel
703 3345 712 3380 ,
732 3294 912 3360 Rsaddaeue
935 3345 942 3360 .
968 3346 976 3361 .
1000 3345 1008 3361 .
1033 3345 1040 3362 .
1091 3298 1128 3362 Et
1149 3307 1350 3364 materno-to

166 3423 234 3469 ιιιιιι
272 3404 453 3488 angelorum
488 3421 568 3484 quoe
605 3403 724 3485 peperit
756 3401 853 3466 Edern
882 3403 1020 3468 similiter
1048 3405 1207 3470 subiuncta
1239 3411 1310 3472 suut

166 3511 301 3576 nomina.
344 3512 421 3576 Sunt
442 3516 544 3574 autern
565 3511 663 3574 baec:
694 3508 806 3593 babel,
828 3508 1018 3595 Achamoth,
1039 3511 1137 3596 Noas,
1159 3513 1223 3596 eet,
1245 3513 1310 3580 be-

166 3618 242 3699 liaa,
263 3615 373 3701 Satan,
395 3617 484 3698 Sabi,
508 3616 696 3699 Adonaeua,
717 3615 901 3702 beviatban,
928 3616 1063 3704 Pharao,
1093 3619 1310 3709 Carcameuos,

164 3723 293 3790 batben.
337 3723 453 3788 Horum
476 3724 583 3806 viginti
606 3731 749 3805 quattuor
771 3725 953 3807 angelorum
971 3729 1091 3807 paterni
1111 3736 1230 3809 patrem
1250 3747 1310 3795 co-

107 3959 115 3974 .
167 3923 306 3994 δι’γνιιμος
323 3915 453 3992 Epitoruo
471 3939 499 3993 p.
517 3921 585 3988 322,
601 3921 650 3977 di:
676 3918 815 3994 ἀγνώμων
833 3917 898 3978 GM
1012 3921 1057 3980 tu.
1075 3922 1161 3978 πάνια
1179 3922 1309 3998 Epitome

168 4033 195 4086 p.
215 4013 277 4077 ³2³,
296 4012 346 4067 46:
369 4012 433 4066 ὄντα
452 4009 473 4067 G
490 4007 521 4066 Μ
634 4012 679 4067 75.
706 4010 735 4066 d’
755 4010 841 4068 omC
956 4015 1000 4068 76.
1029 4015 1147 4088 εὔνοιαν]
1173 4016 1251 4086 εὐνήν
1274 4017 1308 4072 R.

167 4102 290 4160 Scottus.
327 4101 445 4158 Videtur
463 4121 514 4158 roa
531 4102 638 4174 integra
657 4120 735 4170 eaaa;
755 4123 817 4162 uam
827 4101 995 4180 Hippoiptuu
1014 4109 1167 4178 respexerit
1185 4109 1309 4180 ecriptu-

166 4215 224 4251 ram
243 4204 383 4268 receptam
404 4197 431 4251 in
450 4195 513 4250 loco
534 4196 546 4250 i
567 4192 631 4250 Cor.
651 4197 676 4261 7,
695 4197 712 4252 3
731 4197 784 4252 iarn
803 4214 818 4251 a
839 4194 935 4252 Scotto
955 4197 1106 4252 laudatamr
1135 4197 1310 4272 ὀφειλομένην

167 4291 285 4353 circaea,
304 4289 351 4361 qui
366 4287 569 4360 euphemianus
588 4287 698 4362 quidam
717 4297 777 4344 crat
802 4305 853 4361 pro
876 4305 936 4344 voc.
956 4289 1073 4360 ὀφιὼὶν.
1187 4289 1232 4345 Bi.
1251 4297 1305 4342 flc-

165 4381 328 4454 ριλαχαμῶς
346 4378 383 4436 G:
402 4379 497 4450 Βᾶβελ,
513 4380 634 4452 agapes
650 4379 680 4435 Μ
794 4381 840 4438 82.
858 4383 998 4456 Kcotdnv]
1016 4379 1178 4436 Aeciodc'ri
1247 4386 1306 4436 Φα-

165 4473 247 4552 pado
264 4469 287 4536 C
304 4471 335 4533 Μ
448 4472 494 4534 84.
512 4467 738 4548 συναιροῢνιαιῦ
