3050 4988
246 311 309 377 290
355 312 569 402 (μιοτκοε.)
677 321 772 380 naun
796 321 840 396 τι,
865 323 915 380 ετ.

244 483 337 548 άττα
359 485 453 562 έστί,
481 485 691 568 βλέπουσα
719 487 778 562 εἰς
799 487 845 550 τό
868 483 1012 572 ἑαυτής
1033 491 1222 572 συγγενή,
1256 483 1308 552 τίν
1328 485 1395 553 σό-

244 590 311 656 όίν
332 587 478 668 Ικανοίς
500 593 588 675 ἔχει.
648 597 878 670 Τουτέστιν,
910 591 938 656 ὦ
971 604 1049 658 παί
1079 598 1297 660 Διονυσίου
1326 602 1394 660 καί

243 698 443 782 Δωρίδος,
467 701 508 764 τό
531 699 729 786 έρτότημα,
761 702 779 764 ό
800 701 963 765 πάντων
985 701 1115 765 αἴτιόν
1135 701 1215 766 έστι
1239 709 1392 768 κακῶν·

205 806 399 888 οομᾶλλυν
418 807 460 871 δὲ
481 808 501 893 ή
523 813 612 892 περί
629 808 772 872 τούτου
794 811 956 894 φροντίς
977 807 1021 872 έν
1043 812 1087 899 τή
1103 813 1213 900 ψυχή
1237 809 1391 891 έγγινο-

242 916 353 1000 μένη,
375 915 418 1000 ήν
440 915 513 980 έάν
533 915 585 1002 μή
605 940 666 992 τις
695 915 914 1006 ἐξαιρεθῇ,
942 919 1010 1001 τής
1039 914 1238 1001 οἰληθείας
1267 919 1391 995 όντως

243 1018 289 1084 οιί
310 1021 360 1108 μή
380 1043 472 1086 ποτε
493 1023 593 1112 τείχη.
644 1024 685 1086 Ὃ
714 1022 757 1086 δὲ
786 1024 1029 1106 θαυμαστὸν
1061 1021 1183 1088 αἰτοῦ
1214 1027 1388 1105 γέγονεν,

243 1109 461 1216 [άκουσον].
505 1129 678 1212 Εἰσίγοίρ
694 1128 839 1215 ἄνδρες
859 1133 984 1193 ταῦτα
1006 1127 1218 1215 ἀκηκοότες
1239 1135 1390 1215 μαθείν

242 1233 325 1321 [μὲν
347 1234 543 1323 όυνατοί],
573 1235 740 1301 δυνατοὶ
766 1236 808 1300 σέ
829 1241 1102 1322 μνημονεῦσαι
1131 1242 1200 1302 καί
1219 1243 1389 1322 βασανί-

203 1349 388 1418 6σσαντες
410 1345 533 1429 πάντη
555 1341 714 1419 πάντως
735 1354 872 1429 κρίναι
892 1345 1080 1430 γέροντες
1104 1343 1193 1431 ήδη,
1226 1353 1264 1410 οί
1284 1365 1387 1434 φασι

239 1451 285 1514 τά
306 1455 378 1534 μέν
397 1452 481 1516 τότε
502 1449 621 1516 πιστοί
643 1453 745 1516 εἰναι
768 1450 958 1528 δόξαντα,
984 1455 1059 1516 νῦν
1080 1454 1250 1530 ἄπιστα,
1273 1453 1321 1518 τά
1345 1455 1388 1519 δὲ

240 1558 329 1623 τότε
351 1561 512 1637 ἄπιστα,
535 1564 606 1625 νῦν
627 1557 877 1624 τοιίναντίον.
932 1559 1040 1644 Πρὸς
1066 1564 1189 1625 ταῦτα
1212 1558 1278 1626 σόν
1300 1579 1387 1625 σκυ-

241 1669 329 1730 ποίν
350 1665 546 1750 εὐλαβοῦ,
569 1668 623 1754 μή
644 1690 739 1732 ποτε
760 1671 823 1731 σοί
850 1666 1102 1756 μεταμελήσῃ
1135 1667 1257 1734 ταῖνδε
1289 1668 1386 1734 οἰνα-

241 1776 336 1852 ξίως
359 1775 620 1840 ἐκπεσόντων.
675 1775 754 1839 Διό
788 1778 906 1838 τοῦτο
939 1773 1015 1854 έγώ
1036 1777 1301 1860 περὶτούτων
1325 1781 1387 1858 γέ-

202 1881 389 1968 το[γραφα
410 1881 552 1970 οιί]όέν,
569 1881 662 1948 οὐδὲ
684 1881 985 1956 ἔστιΠλάτωνος
1005 1881 1239 1969 σύγγραμμα
1255 1883 1383 1963 οὐδέν,

240 1987 332 2056 οὐδὲ
354 1990 466 2054 ἔσται
488 1991 657 2054 πώποτε.
705 1991 763 2054 Τό
785 1987 826 2052 δὲ
847 1994 920 2053 νῦν
935 1988 1136 2071 λεγόμενα
1152 1992 1386 2076 Σωκράτους

238 2094 324 2160 έστί
345 2095 474 2161 καλοῦ
493 2101 558 2160 καί
579 2100 671 2162 νέου
692 2095 908 2177 γεγονότος.
967 2095 1098 2172 Τούτοις
1119 2099 1294 2180 περιτυχών
1317 2097 1385 2163 06-

239 2201 399 2278 αλεντίνος
426 2201 618 2289 ὑπεστήσατο
649 2205 705 2268 τὸν
729 2203 859 2268 πάντων
883 2201 1037 2284 βασιλέα,
1072 2203 1110 2266 ὃν
1142 2205 1206 2290 ἔφη
1233 2202 1382 2285 Πλάτων,

239 2305 330 2385 οὗτος
350 2313 503 2398 πατέρα
526 2315 580 2374 καί
600 2310 737 2393 βυθόν
759 2315 814 2374 καί
834 2313 930 2374 πᾶσι
950 2313 1018 2395 γῆν
1038 2313 1101 2373 τῶν
1128 2309 1215 2375 όλων
1245 2312 1382 2376 αἰάνων.

201 2415 435 2504 τοΔεότερον
454 2423 458 2504 Ι
478 2422 573 2504 περί
603 2417 652 2482 τά
674 2416 843 2504 δεύτερα
864 2420 920 2480 τοῦ
941 2415 1116 2492 Πλάτωνος
1136 2417 1311 2504 εἰρηκότος,
1343 2421 1382 2482 αἰ

236 2522 366 2611 δεύτερα
390 2523 602 2602 Οὐαλεντίνος
621 2529 676 2590 τοῦ
697 2525 784 2600 έντός
806 2524 904 2610 όρου
926 2525 981 2588 τόν
1002 2522 1104 2610 όρον
1134 2523 1275 2590 ὑπέθετο
1297 2527 1383 2590 πάν-

235 2654 292 2707 τας
313 2633 452 2710 αἰῶνας,
475 2637 529 2697 καί
550 2637 690 2720 τρίτον
712 2637 808 2720 περί
829 2631 872 2696 τά
894 2634 1009 2717 τρίτα
1038 2633 1094 2716 τήν
1124 2631 1186 2709 ἔξω
1208 2637 1264 2697 τοῦ
1285 2633 1382 2720 όρου

235 2744 290 2803 καί
303 2746 358 2805 τοῦ
380 2740 591 2828 πληρώματος
613 2739 766 2827 όιαταγήν
787 2741 944 2824 συνέθηκε
964 2743 1085 2802 πᾶσαν.
1119 2745 1183 2803 Καὶ
1202 2739 1382 2826 δεδήλωκεν

236 2845 334 2934 αότήν
356 2846 399 2912 δι’
420 2847 593 2930 ἐλαχίστων
618 2848 830 2922 Οὐαλεντίνυς
851 2847 887 2910 έν
908 2844 1034 2934 ψαλμῷ
1062 2845 1211 2910 κάτωθεν
1239 2845 1382 2934 α’ρξάμε-

197 2971 307 3032 εονος,
332 2953 390 3035 οἰχ
411 2955 516 3039 αἷσπερ
539 2955 557 3019 ό
579 2955 720 3020 Πλάτων
742 2956 893 3030 ἄνωθεν,
926 2952 1028 3031 λέγων
1050 2951 1164 3028 οὕτως·
1197 2955 1248 3018 Αἰ
1255 2958 1383 3042 θέρος

234 3059 363 3125 πάντα
385 3063 617 3148 κρεμάμενα
646 3061 844 3145 πνεύματι
873 3059 1019 3142 βλέπω,
1052 3059 1185 3123 πάντα
1213 3060 1249 3124 δ’
1269 3060 1382 3144 όχοό-

234 3189 334 3250 μενα
355 3168 552 3253 πνεύματι
575 3173 669 3235 νοῶ·
691 3169 902 3254 σάρκαμὲν
919 3166 960 3231 έκ
978 3169 1380 3255 ψυχήςκρεμαμένην,

235 3275 373 3363 ψυχήν
399 3274 441 3338 δὲ
470 3274 591 3361 οἰέρος
621 3277 903 3361 έξοχουμένην,
936 3273 1039 3360 α’έρα
1067 3274 1108 3337 δὲ
1135 3275 1175 3352 έξ
1208 3277 1383 3361 αἰθέρος

234 3380 503 3468 κρεμάμενον,
538 3383 579 3446 έκ
609 3383 652 3446 δὲ
682 3386 815 3466 βυθοῦ
847 3379 1029 3467 καρπούς
1050 3385 1313 3466 φερομένους,
1336 3384 1381 3447 έκ

196 3487 386 3575 εομήτρας
407 3489 449 3553 δὲ
470 3493 618 3576 βρέφος
639 3491 881 3575 φερόμενον·
910 3490 1129 3564 οὕτωςταῦτα
1151 3494 1250 3554 νοῶν·
1283 3492 1382 3578 σάρξ

234 3595 316 3658 ἐστὶν
341 3593 359 3681 ή
382 3593 441 3680 ὕλη
463 3597 531 3660 κατ’
553 3594 686 3673 αὐτούς,
710 3593 775 3681 ήτις
796 3597 950 3681 κρέμαται
970 3592 1005 3657 έκ
1027 3597 1081 3680 τῆς
1109 3598 1216 3681 ψυχῆς
1244 3599 1299 3660 τοῦ
1322 3596 1381 3682 όη-

306 3736 350 3788 60.
379 3735 499 3806 ηροντίς]
519 3736 583 3796 amis
601 3733 642 3790 ΡΙ.
749 3729 811 3790 60.
832 3735 876 3789 6Ι.
903 3736 1059 3807 ἰνγινσμὲνη
1078 3731 1112 3789 C:
1142 3733 1318 3808 ἐγγιγνομένη
1338 3733 1378 3788 ΡΙ.

234 3827 277 3880 61.
297 3829 322 3880 εἰ
336 3826 374 3898 μή
393 3846 429 3888 τις
447 3827 639 3900 ἐξαιρεθήσεται
655 3825 696 3882 ΡΙ.
813 3829 857 3882 62.
876 3827 951 3900 τύχοι
958 3824 1000 3881 ΡΙ.
1092 3823 1155 3880 Hoc
1172 3826 1234 3880 Ιοοο
1247 3845 1302 3882 non
1316 3828 1380 3882 exi-

234 3935 286 3988 gua
306 3935 369 3989 pm
389 3919 522 3991 epistolae
549 3919 660 3973 silentio
685 3921 878 3990 praetermissa
897 3927 948 3972 est.
1064 3919 1109 3973 63.
1134 3918 1251 3972 ἄκουσον
1276 3936 1311 3972 ει
1337 3917 1378 3973 ΡΙ.

235 4009 296 4064 add.
315 4008 354 4066 M.
434 4011 539 4084 ἄνδρες]
559 4012 702 4084 ἄνθρωποι
720 4009 762 4066 ΡΙ.
842 4011 981 4078 ἀκηκοότες
997 4010 1044 4066 καί
1060 4013 1166 4072 πλείους
1182 4008 1223 4065 ΡΙ.
1333 4013 1378 4067 64.

233 4103 285 4177 μίν
302 4103 412 4157 τίονατοί
430 4121 474 4158 om
494 4102 531 4157 C:
552 4104 661 4158 όυνατοί
678 4104 730 4177 μὲν
746 4108 849 4176 μαθεῖν
872 4100 914 4158 ΡΙ.
1049 4105 1092 4158 64.
1119 4104 1163 4157 65.
1193 4103 1379 4172 βασανίσαιο

234 4196 278 4250 65.
297 4199 382 4268 κρίνει
399 4193 564 4269 γίροντοςῦ
688 4198 804 4252 65-67.
833 4199 955 4270 γέροντες
978 4197 1025 4264 ήδη
1049 4196 1095 4250 καί
1121 4195 1168 4250 οὐκ
1193 4195 1286 4250 ίλάττω
1308 4197 1380 4270 τριά-

232 4307 312 4344 κοντα
330 4289 394 4343 ἐτῶν
410 4288 560 4355 ἀκηκοότες·
587 4291 616 4344 οἰ
637 4285 687 4344 νόν
712 4289 772 4364 ἄρτι
796 4293 873 4360 σφίσι
896 4293 979 4360 ηασί,
1009 4288 1040 4343 τὰ
1066 4289 1118 4361 μέν
1142 4289 1195 4343 τότε
1225 4289 1380 4345 ἀπιστότατα

232 4380 346 4442 δόξαντα
363 4385 434 4436 εἰναι
453 4382 504 4436 νῦν
522 4381 659 4436 πιστότατα
676 4381 723 4436 καί
740 4383 914 4452 ἐναργέστατα
938 4385 1097 4452 φαίνεσθαι·
1124 4377 1142 4434 ἃ
1166 4380 1196 4435 δὲ
1219 4381 1272 4436 τότε
1293 4383 1381 4437 πιστό-

231 4490 292 4524 τατα
310 4473 359 4526 νῦν
374 4474 526 4528 τούναντίον
544 4471 585 4526 ΡΙ.
702 4474 745 4529 68.
765 4469 855 4546 τῶντίε]
873 4473 925 4526 τῶν
943 4473 992 4527 νῦν
1011 4469 1053 4529 ΡΙ.
1170 4475 1286 4529 69-71.
1305 4477 1380 4531 lxm·
