3006 4976
573 308 886 369 AS'iiioffliiOSOi’iii.
1240 306 1303 373 119
1378 349 1381 356 ·

246 475 297 540 ts.
342 474 429 538 iuxta
458 476 588 556 positam
616 483 717 540 antem
749 495 821 542 esse
850 479 892 542 ait
919 479 948 540 ai
971 477 1114 558 utrinqne
1138 477 1219 564 (dico
1243 467 1302 544 snss

161 589 223 644 tem
247 584 292 666 ei,
314 583 366 663 qni
390 589 438 644 ost
458 583 489 645 in
513 583 665 664 genubus]
688 584 798 666 Lyram
821 593 852 650 et
875 584 1046 669 Coronam,
1078 587 1178 668 ipsum
1200 595 1300 650 antem

161 705 245 772 genu
274 687 401 752 flectere
429 695 461 752 et
482 691 581 771 passis
605 690 743 754 manibus
765 698 910 774 tanquam
934 691 973 754 de
994 699 1123 773 peccato
1148 693 1323 757 confiteo-t

162 803 233 860 tem.
281 795 360 859 Esse
390 804 491 861 autem
522 796 620 880 lyram
651 798 799 862 musicum
829 801 1078 880 instrumentum,
1113 799 1151 862 ab
1185 800 1304 863 intanta

162 901 325 966 admodum
350 903 506 967 etiamtum
538 903 718 969 fabricatum
747 905 843 990 logo,
879 906 985 988 logum
1014 913 1115 970 autam
1143 924 1213 970 esse
1249 911 1300 989 qni

161 1009 242 1091 apud
271 1009 407 1074 Graecos
435 1018 564 1075 nocetur
593 1011 732 1076 Hermas.
782 1014 864 1078 Dicit
883 1021 986 1078 antem
1008 1012 1120 1077 Aratus
1144 1013 1184 1077 de
1206 1013 1304 1078 fabri-

161 1118 287 1183 catione
307 1118 413 1202 lyrae:
1312 1133 1328 1181 t

335 1225 415 1288 iilam
441 1232 542 1290 autem
565 1227 718 1290 etiamtum
741 1227 771 1289 in
795 1227 881 1290 cunis
904 1229 1035 1311 sopiens

273 1334 448 1396 Mercurius
470 1333 652 1417 terebravit,
673 1333 768 1416 lyram
790 1342 891 1398 autam
915 1334 1010 1399 edixit
1030 1337 1145 1399 vocari.

160 1437 282 1520 Septem
306 1439 490 1504 chordarum
513 1448 575 1522 est,
599 1459 656 1522 per
679 1449 798 1521 septem
820 1439 953 1506 cbordcs
976 1443 1150 1506 universam
1173 1440 1303 1505 barmo-

160 1545 240 1608 niam
263 1555 295 1610 et
323 1545 470 1610 fabricam
494 1546 599 1610 mandi
622 1549 835 1610 concinentem
859 1547 1046 1632 significans.
1091 1549 1166 1613 Nem
1190 1549 1221 1610 in
1244 1566 1302 1611 sex

161 1650 270 1716 diebus
295 1652 425 1718 mundus
448 1654 546 1718 iactus
570 1663 619 1718 est
641 1664 672 1719 et
694 1656 823 1736 septimo
848 1656 1008 1737 requievit.
1053 1655 1084 1720 Si
1107 1658 1218 1739 igitur,
1248 1655 1340 1718 in-ttt

159 1759 232 1842 quit,
255 1761 408 1824 contitens
430 1761 530 1825 Adam
555 1769 586 1824 et
607 1770 699 1842 caput
721 1761 891 1826 observans
913 1762 1026 1826 baiuee
1048 1763 1215 1826 secundum
1239 1762 1301 1824 im-

157 1873 295 1948 peratam
320 1867 369 1930 dei
392 1868 556 1932 imitabitur
577 1868 684 1953 tyram,
705 1867 766 1931 boc
789 1877 837 1933 cst
860 1869 1050 1951 obsequetur
1062 1870 1136 1953 logo
1154 1869 1214 1954 dci,
1240 1867 1301 1932 boo

160 1983 207 2038 ast
228 1992 342 2055 parens
365 1976 437 2060 tegi,
459 1976 631 2059 appositam
654 1977 683 2040 ei
704 1993 851 2040 coronam
876 1977 1017 2058 accipiet.
1049 1977 1105 2039 Ubi
1123 1983 1223 2040 autem
1237 1993 1300 2038 na·-

159 2080 264 2166 glipet,
286 2101 346 2147 una
370 2083 516 2148 deorsum
539 2083 657 2148 teretur
679 2103 747 2148 eum
769 2084 873 2168 belua,
897 2102 977 2165 quae
999 2082 1148 2168 subiacet,
1172 2091 1203 2146 et
1225 2101 1299 2148 sor·

156 2194 215 2252 tem
240 2189 382 2274 babebit,
405 2193 520 2275 inquit,
542 2211 611 2256 cum
632 2192 732 2257 beina.
782 2191 911 2253 Videtur
933 2198 1034 2255 sutem
1056 2189 1235 2273 lngennbua
1260 2189 1298 2254 ab
1308 2189 1337 2240 ¹⁶

158 2303 288 2378 utraque
317 2305 405 2379 parte
435 2300 563 2362 iniicere
593 2315 700 2361 manns
731 2305 762 2360 et
783 2297 820 2359 ab
845 2297 941 2360 altera
963 2305 1051 2380 parte
1074 2299 1226 2380 attingere
1248 2296 1300 2380 iy-

157 2423 243 2490 ram,
268 2406 306 2470 ab
329 2407 424 2471 altera
447 2415 548 2471 autem
572 2423 720 2470 coronam
732 2449 740 2485 ‚
764 2411 797 2467 ut
818 2404 892 2468 licet
911 2404 1019 2467 videre
1040 2421 1098 2484 per
1117 2405 1214 2486 ipsum
1238 2403 1299 2467 ba·

157 2511 262 2576 bitum.
314 2512 435 2577 Insidiis
466 2521 567 2576 autem
597 2513 672 2594 petit
700 2512 789 2575 simui
821 2517 852 2574 et
882 2514 1024 2575 attrectat
1053 2528 1200 2575 coronam
1233 2511 1299 2574 eiua

158 2617 214 2682 alia
243 2619 352 2703 beina,
385 2621 485 2684 minor
508 2618 618 2703 draco,
657 2636 737 2700 quae
758 2625 805 2682 est
824 2618 928 2699 protes
950 2618 1017 2682 eins
1040 2619 1091 2699 qui
1115 2618 1299 2680 observatur

156 2723 195 2788 ab
218 2743 266 2810 eo,
289 2727 341 2808 qui
364 2729 463 2790 estin
486 2726 637 2810 genubus,
661 2725 752 2808 pede.
797 2723 897 2788 Homo
920 2731 1021 2788 sutem
1047 2724 1147 2788 adstat
1168 2731 1337 2806 utraquaao

155 2850 246 2896 manu
276 2849 332 2914 per
359 2835 419 2897 vim
450 2834 667 2916 constringens
693 2838 724 2894 et
745 2831 906 2895 retrahens
929 2849 945 2895 a
972 2848 1089 2895 corono
1112 2837 1298 2916 serpentem,

156 2957 216 3002 nec
244 2942 356 3022 patitur
385 2941 537 3023 attingere
570 2956 719 3003 coronam
749 2937 951 3003 vehementer
985 2939 1133 3002 nitentem
1166 2938 1297 3004 beluam.

157 3046 425 3130 Anguitenentem·
447 3054 548 3111 autem
576 3044 710 3129 appellat
739 3065 809 3110 euro
841 3046 971 3130 Aratus,
1010 3048 1152 3128 quoniam
1183 3046 1297 3110 detinet

154 3155 297 3235 impetum
319 3155 482 3236 serpentis,
514 3156 565 3237 qui
585 3155 691 3218 nititur
713 3156 836 3236 assequi
859 3173 1016 3220 coronam.
1060 3153 1163 3236 Lupus
1185 3160 1296 3238 autem,

155 3260 265 3346 inquit,
297 3268 344 3325 est
365 3261 462 3346 figura
485 3261 618 3326 bominis
640 3263 666 3325 is
690 3263 742 3343 qui
763 3262 907 3346 impedit,
931 3263 1092 3344 quominus
1115 3268 1337 3343 assequaturac

155 3385 321 3451 coronam,
351 3367 487 3452 beluam,
518 3371 679 3433 miseratus
703 3386 786 3453 eum,
816 3371 866 3433 cui
887 3369 1069 3433 insidiantur
1092 3369 1186 3433 draco
1209 3370 1298 3432 simut

159 3483 191 3538 et
220 3475 325 3558 proies
355 3478 431 3540 eius.
482 3477 572 3559 ipsae
599 3483 699 3541 autem
723 3477 836 3560 Ursae,
861 3478 963 3560 aiunt,
994 3474 1204 3539 hebdomades
1227 3484 1299 3540 sunt

156 3583 245 3656 duae,
269 3601 310 3646 ex
332 3591 450 3666 septem
472 3583 568 3648 stellis
591 3591 780 3668 constantes,
804 3582 967 3665 duplicium
992 3589 1202 3646 creaturarum
1218 3583 1298 3646 ima-

154 3690 255 3771 gines.
310 3689 407 3753 Prima
439 3692 535 3773 anim,
564 3690 677 3773 inquit,
709 3696 852 3754 creatura
880 3697 928 3752 ast
952 3689 1120 3752 secundum
1144 3689 1242 3753 Adam
1265 3691 1297 3754 in

155 3797 330 3880 aerumnis,
353 3797 437 3880 quod
461 3806 508 3862 est
527 3799 570 3881 is,
592 3799 645 3878 qui
670 3799 700 3861 in
721 3795 862 3881 genubus
884 3803 931 3859 est
953 3797 1148 3878 conspicuus.
1192 3795 1336 3860 Alternus

154 3993 209 4048 add
228 3991 373 4066 ttoeperm
487 3996 532 4050 23.
558 3994 693 4067 rpitdyp]
712 3998 766 4055 τοῖς
784 3990 820 4047 C:
853 3995 908 4054 τοῖς
924 3990 1016 4066 tdyots
1033 3988 1063 4045 M
1170 3992 1214 4048 30.
1242 3993 1297 4046 imt-

152 4085 243 4158 ῥάλειν
266 4083 289 4142 C
398 4087 443 4142 31.
470 4087 515 4140 rori
533 4104 576 4141 om
601 4084 622 4142 C
645 4083 676 4140 M
783 4086 827 4142 31.
852 4086 897 4140 32
922 4085 994 4138 romu
1013 4117 1049 4162 .··
1066 4085 1296 4158 Ιξομολογεῖσθαι.

154 4175 234 4232 Reae
254 4193 332 4249 exp.
355 4178 415 4243 its,
437 4180 470 4233 tt
488 4179 651 4250 interpolata
670 4195 732 4233 asae
750 4177 817 4233 ridit
828 4175 973 4249 Roeperua
1070 4177 1115 4232 33.
1135 4173 1210 4250 ὅμως
1227 4172 1249 4229 C
1266 4172 1297 4228 M

152 4271 197 4325 bb.
215 4270 250 4341 mi
267 4271 346 4324 nardi
364 4267 402 4334 (ἲς
422 4269 458 4324 ci.
476 4269 553 4326 Aret.
572 4290 597 4327 r.
616 4272 652 4326 'id
742 4271 787 4326 43.
806 4271 899 4342 Anat]
918 4262 1035 4328 abacti}
1052 4267 1083 4324 M
1161 4269 1206 4323 44.
1226 4267 1299 4322 dcti-

154 4377 212 4430 pur
227 4355 385 4430 Rueperua:
404 4358 533 4432 dpctpuiv
551 4352 573 4414 C
590 4356 621 4416 M
727 4359 771 4415 45.
801 4361 940 4421 landrum
958 4359 973 4414 ὅ
991 4362 1059 4413 imur
1077 4356 1102 4427 b]
1122 4359 1151 4410 tr
1167 4355 1297 4418 πόνοιςὸ

158 4446 200 4505 G:
225 4446 401 4524 ἥνίμφαίνει
419 4452 447 4505 du
464 4455 493 4506 A.
512 4447 587 4508 tbi:
607 4447 638 4516 ’ἦν
655 4455 782 4526 Ιμφαίνιι
800 4451 814 4506 ὃ
833 4449 867 4506 ll.
887 4450 998 4505 Scottus
