3002 4958
276 1183 608 1258 REFUTATlONlS
634 1181 812 1258 OMNIUM
839 1183 1104 1260 HAEllESlUbl

544 1367 655 1435 LIBER
677 1367 826 1435 PRIMUS.

610 1551 786 1562 —-——-

202 1688 286 1752 llaec
308 1689 411 1753 insunt
432 1691 463 1754 in
487 1694 583 1774 primo
607 1694 686 1756 libro
704 1693 895 1757 refutationis
921 1693 1053 1757 omniurn
1078 1691 1259 1760 haeresium.

204 1795 362 1868 Quaenam
386 1797 559 1878 placuerint
580 1799 715 1884 physicis
737 1799 927 1882 philosophis
951 1807 981 1863 et
1004 1802 1126 1884 quinam
1141 1801 1176 1878 ht,
1189 1804 1258 1866 iue-

112 1903 191 1985 rint,
215 1909 246 1964 et
268 1921 418 1984 quaenam
443 1904 613 1970 ethicorum
634 1907 744 1988 placita
770 1915 800 1972 et
823 1910 944 1990 quinam
968 1907 1014 1993 bi,
1049 1917 1080 1974 et
1107 1929 1258 1992 quaenam

113 2007 344 2072 dialecticorum
369 2007 494 2074 decreta
517 2019 545 2075 ot
569 2013 690 2095 quinam
715 2013 875 2082 dialectici.

198 2115 319 2198 Physici
341 2116 434 2200 igitur
455 2117 586 2200 Thales,
608 2118 813 2206 Pythagoras,
836 2121 1052 2207 Empedocles,
1075 2124 1256 2210 Heraclitus,
1281 2138 1297 2188 a

112 2221 352 2308 Anaximander,
375 2224 594 2310 Anaximenes,
611 2225 825 2314 Anaxagoras,
848 2229 1028 2315 Archelaus,
1050 2229 1257 2314 Parmenides,

112 2330 303 2413 Leucippus,
326 2329 540 2415 Democritus,
564 2333 790 2420 Xenophanes,
814 2335 1004 2421 Ecphantus,
1028 2337 1137 2420 llippo.

199 2435 298 2499 Ethici
320 2437 466 2500 Socrates
489 2435 634 2502 Archelai
657 2441 824 2524 discipulus
846 2442 982 2528 physici,
1014 2442 1099 2507 Plato
1123 2443 1259 2510 Socratis

112 2543 289 2626 discipulus.
334 2543 389 2606 llic
412 2552 475 2607 tres
498 2544 707 2628 philosophias
731 2547 861 2611 miscuit.

198 2649 357 2714 Dialectici
380 2650 561 2714 Aristoteles
582 2651 716 2717 Platonis
740 2650 920 2735 discipulus3
941 2651 992 2716 hic
1003 2651 1193 2717 dialecticam
1204 2672 1258 2717 ar·
1268 2663 1298 2714 aa

110 2765 172 2820 tem
195 2757 370 2834 constituit;
392 2757 487 2820 Stoici
511 2763 611 2821 autem
636 2756 840 2844 Chrysippus,
862 2759 956 2824 Zeno.

195 2863 345 2944 Epicurus
368 2870 469 2926 autem
490 2881 592 2945 paena
615 2869 797 2931 contrariam
821 2867 992 2930 doctrinam
1016 2865 1157 2931 omnibus
1186 2881 1258 2928 rno-

107 2971 179 3034 litus
204 2975 261 3034 est.
305 2969 422 3054 Pyrrho
444 2970 665 3053 Academicus3
696 2973 745 3037 hic
767 2971 1164 3056 incomprehensibilitatem
1185 2991 1257 3035 om-

107 3079 190 3141 nium
210 3077 312 3141 docet.
361 3077 568 3142 Brachmanes
585 3079 719 3164 inlndis,
742 3061 877 3146 Druidae
891 3081 922 3144 in
937 3080 1032 3145 Celtis
1051 3079 1255 3145 etllesicdus.

195 3183 315 3247 Nullum
347 3193 551 3248 commentum
583 3204 690 3253 eorum
721 3187 773 3270 qui
803 3187 882 3270 apud
914 3188 1051 3250 Graecos
1083 3185 1295 3269 philosophilt

106 3291 253 3376 appellati
275 3299 345 3355 sunt
368 3290 575 3372 spernendum
599 3301 655 3356 est.
701 3293 811 3358 Certae
830 3293 911 3357 enim
929 3293 978 3356 vel
997 3294 1132 3358 absonae
1151 3311 1258 3357 eorum

105 3401 273 3483 opiniones
309 3397 470 3462 ducendae
505 3407 577 3463 sunt
609 3409 737 3481 propter
767 3406 1001 3482 exsuperantem
1033 3397 1259 3464 baereticorum

105 3511 281 3590 vesaniam,
320 3507 372 3588 qui
404 3515 531 3589 propter
561 3506 714 3570 silentium
751 3516 782 3571 et
817 3509 886 3589 quia
920 3505 1114 3570 abscondunt
1146 3526 1259 3572 arcana

105 3613 252 3698 mysteria
284 3629 338 3676 sua
369 3612 478 3676 crediti
512 3617 582 3675 sunt
613 3612 714 3677 multis
744 3611 835 3676 doum
866 3611 980 3676 colere.
1036 3611 1172 3686 Quorum
1199 3615 1258 3677 iam

105 3720 178 3783 olim
201 3719 329 3784 strictim
351 3717 461 3801 placita
479 3720 692 3802 exposuimus,
717 3738 779 3784 non
799 3717 951 3784 subtiliter
968 3717 1180 3804 explanantes,
1203 3720 1297 3784 sedeo

104 3827 275 3890 summatim
305 3827 567 3909 perstringentes,
608 3844 671 3889 non
708 3825 800 3912 digna
831 3825 968 3889 arbitrati
1000 3843 1106 3889 eorum
1136 3835 1284 3912 arcana,

102 4035 167 4087 μους
187 4012 208 4067 L
228 4009 268 4067 0:
306 4011 441 4085 Ιαδίμοος
459 4009 498 4066 T:
531 4011 700 4085 'Axamiptaaoc
717 4008 762 4067 hl':
795 4011 987 4085 Ἀκαδημαϊκός
1012 4007 1157 4084 lloepema
1180 4021 1259 4066 antea

104 4105 244 4175 Philolcp.
263 4105 415 4170 οο1.7,513
503 4102 577 4159 Ante
595 4105 614 4158 l.
637 4106 669 4160 15
688 4109 841 4178 Προοίμιον
858 4103 1008 4175 praemittit
1030 4100 1054 4157 B
1156 4105 1197 4158 ¹5.
1216 4101 1260 4158 Ab

104 4197 186 4252 initio
206 4197 341 4269 quaedam
359 4195 487 4250 rideatur
513 4195 695 4251 intercidisse.
831 4189 1041 4270 ὠνομασμένων]
1061 4193 1262 4268 ὠνομασμένων

106 4291 288 4360 φολοσόᾳοονῖ
403 4287 445 4341 17.
464 4287 511 4341 διὰ
528 4287 556 4343 ml
575 4285 738 4343 ilicitanus:
765 4288 811 4342 decl
829 4287 873 4342 rori
891 4287 974 4358 vulgo
1114 4287 1159 4366 21.
1179 4285 1263 4357 μηδδν

105 4381 193 4451 ἄξιον]
211 4381 251 4454 μὴ
269 4379 383 4441 ἀνάξιον
402 4375 571 4434 Granouas:
601 4382 639 4455 pn}
669 4383 703 4436 ἂν
728 4383 805 4444 ἀξιον
824 4377 848 4434 B
868 4378 894 4433 0
914 4377 951 4432 T:
980 4377 1018 4451 pul
1037 4377 1068 4430 liv
1088 4377 1165 4438 ἄξιον
1182 4373 1262 4430 Roa-
1313 4438 1319 4448 1

104 4489 189 4545 perna

924 4563 936 4628 1
951 4563 971 4602 a
