3006 4976
209 313 270 378 122
315 311 351 396 (p.
375 319 426 376 ετ.
449 313 511 400 ετ.)
626 317 721 376 τιοτε
741 317 786 389 ιν,
810 319 860 376 ιε.
879 320 931 375 το.

168 488 261 548 sonui
289 486 410 569 νεκρῶν
445 481 548 570 κροτης
579 484 769 569 καθέστηκε,
801 483 882 570 [καί]
912 482 1065 567 καθάπερ
1100 484 1162 544 τείν
1193 479 1346 566 φιιτᾶνδ

207 589 303 653 Κόων
323 589 357 652 τό
381 589 497 673 ἄστρον
517 588 572 652 έπί
592 590 646 672 τῆς
666 589 791 662 κτίσεως
812 590 991 673 θεωρεῖται,
1013 584 1112 660 οὕτως
1132 584 1187 650 ἐπὶ
1207 587 1272 649 τεόν
1290 581 1349 650 οδ-

207 698 329 782 ρανίων
350 698 469 781 φυαίίν,
493 698 579 781 φησί,
602 698 665 759 τῶν
686 693 884 779 ἀνθρώπων,
908 691 926 758 ό
947 691 1050 772 λόγος.
1088 690 1152 756 Aac}
1168 691 1223 778 τὴν
1236 691 1345 756 τοιαό-

206 822 262 886 οην
290 799 349 866 οὖν
371 801 517 887 αίτίανῆ
543 800 674 888 δευτέρα
695 803 804 878 κτίσις,
836 799 1042 886 Κονόσοορα,
1075 797 1202 884 λογικῆς
1222 802 1347 874 κτίσεως

205 908 300 972 είκών
320 911 444 994 ἔστηκεν
465 907 501 973 ἐν
522 905 668 995 οὐρανῷ·
691 911 787 990 μέσος
808 906 844 971 δὲ
866 905 884 970 ὁ
906 906 1043 995 Δράκων
1063 909 1127 969 τῶν
1147 903 1206 970 δότ
1218 908 1347 970 κτίσεων

167 1013 415 1092 εοόποτείνεται,
447 1013 486 1079 τά
516 1013 584 1079 άπδ
609 1018 663 1100 τῆς
682 1013 821 1100 μεγάλης
842 1015 967 1089 κτίσεως
989 1011 1121 1078 κωλόων
1141 1012 1196 1077 έπὶ
1214 1013 1270 1098 την
1290 1037 1345 1096 μι-

205 1122 288 1209 κρᾶν
308 1125 406 1188 κτίσιν
425 1121 608 1206 μετελθεῖν,
636 1121 676 1186 τά
696 1144 727 1186 τε
748 1121 785 1186 έν
805 1124 842 1212 τῇ
864 1123 959 1186 κτίσει
979 1120 1211 1206 καθεστηκότα,
1235 1121 1346 1185 καθά-

206 1251 267 1314 περ
288 1229 342 1294 τδν
360 1229 413 1294 Ἐν
433 1232 562 1311 γόνασι,
586 1228 868 1315 παραφυλάσσων,
891 1231 994 1314 τηράν
1014 1230 1084 1302 πῶς
1106 1230 1161 1290 καί
1181 1229 1252 1290 τίνα
1273 1226 1347 1312 τρό-

204 1355 269 1399 πον
297 1338 428 1400 ἕκαστον
457 1335 493 1398 ἐν
520 1337 556 1424 τῇ
584 1338 683 1419 μικρᾷ
710 1337 803 1400 κτίσει
832 1338 1018 1421 καθέστηκε.
1065 1337 1214 1419 Τηρεῒται
1236 1331 1272 1396 δὲ
1290 1337 1345 1396 καί

205 1440 301 1517 αᾶτδς
330 1443 411 1506 κατά
437 1441 493 1527 την
520 1442 679 1528 κεφαλήν,
708 1445 821 1528 φησίν,
853 1439 917 1506 όπδ
939 1444 994 1506 τοῦ
1013 1440 1196 1525 Ὀφιοιίχου.
1241 1440 1339 1526 Αότη,

168 1551 311 1633 οοφηοίν,
332 1547 427 1612 είκων
448 1552 572 1636 έστηκεν
593 1549 629 1613 ἐν
650 1546 788 1636 οᾶρανῷ,
812 1551 912 1633 σοφία
933 1570 978 1622 τις
999 1545 1081 1612 οὖσα
1102 1557 1166 1622 τοῖς
1186 1545 1269 1611 ίδείν
1284 1547 1344 1612 δυ-

204 1659 363 1738 ναμένοις.
415 1656 456 1720 Et
472 1654 521 1719 ’δὲ
542 1655 625 1720 ἐστίν
646 1653 772 1740 α’σαφές
793 1653 874 1719 κατὰ
895 1658 1002 1731 τοῦτο,
1026 1652 1067 1718 δι’
1088 1653 1187 1740 ἄλλης
1208 1655 1340 1730 είκόνος,

204 1764 316 1846 φησίν,
348 1761 367 1848 ἢ
395 1764 490 1838 κτίσις
511 1761 653 1828 διδάσκει
677 1762 882 1848 φιλοσοφεῖν,
911 1765 985 1847 περί
1005 1756 1042 1848 ἧς
1063 1759 1238 1847 όἈρατος
1258 1764 1345 1850 εἴρη-

203 1885 258 1929 κεν
278 1863 389 1940 τόπος·

399 1969 481 2037 0δᾶ
502 1975 569 2060 ἄρα
592 1980 722 2062 Κηφῆος
741 1972 878 2061 μογερδν
898 1976 989 2053 γένος
1007 1971 1157 2037 Ἰασίδαο.

168 2087 198 2137 οο
292 2080 343 2146 49.
381 2077 419 2141 ‘0
442 2079 584 2165 Κηφεύς,
619 2082 732 2165 φησίν,
762 2079 861 2146 αδτοῦ
888 2079 951 2144 ίσδ
977 2079 1112 2166 πλησίον
1139 2079 1232 2166 καὶῆ
1256 2086 1344 2145 Κασ-

205 2186 329 2250 σιέπεια
357 2191 412 2248 καί
434 2181 635 2268 Ἀνδρομέδα
668 2189 724 2249 καί
745 2184 763 2249 ὁ
785 2187 943 2273 Περσεύς,
974 2185 1100 2270 μεγάλα
1121 2189 1174 2270 τῆς
1195 2184 1200 2272 Ι
1220 2188 1346 2260 κτίσεως

202 2291 373 2375 γράμματα
401 2303 466 2368 τοῖς
492 2289 574 2355 ίδείν
601 2291 800 2378 δυναμένοις.
851 2292 1048 2380 Κηφίαιγάρ
1071 2309 1168 2378 φησιν
1189 2293 1271 2356 είνατ
1290 2293 1345 2356 τόν

199 2396 314 2481 Ἀδάμ,
336 2399 390 2484 την
413 2401 627 2464 Κασσιέπειαν
648 2399 748 2476 Εὕαν,
771 2397 827 2484 τὴν
843 2396 1064 2485 Ἀνδρομέδαν
1083 2399 1138 2484 τὴν
1153 2397 1344 2484 ἀμφοτέρων

203 2502 320 2568 τούτων
340 2504 466 2590 ψυχήν,
489 2505 543 2570 τόν
564 2507 692 2590 Περσέα
713 2506 838 2585 Λόγον,
862 2503 1020 2591 πτερωτόν
1040 2505 1117 2580 Διδς
1138 2505 1285 2586 ἔγγονον,
1308 2504 1343 2568 ιδ

168 2613 181 2666 1
208 2614 307 2696 Κῆτος
329 2610 362 2675 τδ
386 2611 557 2694 ἐπίβουλον
577 2615 705 2699 θηρίον.
751 2611 819 2677 Οδκ
840 2610 890 2678 ἐπ’
912 2611 1013 2676 ἄλλον
1033 2613 1104 2676 τινὰ
1125 2613 1250 2690 τούτων,
1274 2611 1345 2676 ἄλλ’

202 2717 257 2782 ἐπὶ
283 2719 386 2804 μόνην
412 2720 468 2805 τὴν
493 2718 715 2808 Ἀνδρομέδαν
742 2721 864 2808 ἔρχεται
892 2717 910 2785 ό
940 2718 1130 2795 άποκτείνας
1158 2720 1192 2784 τδ
1214 2722 1341 2806 θηρίον,

203 2821 243 2890 οδ
264 2827 393 2913 κοίτην
409 2825 632 2912 Ἀνδρομέδαν
651 2828 733 2916 πρὸς
754 2825 869 2892 ἑαυτόν
890 2825 1001 2908 λοβόν
1022 2825 1151 2891 ἔκδοτον
1173 2825 1344 2912 δεδεμένην

174 2919 246 3016 ’τῷ
268 2929 413 3017 θηρίῳδ
435 2931 552 3010 Λόγος,
577 2934 684 3017 φησίν,
708 2929 725 2994 ό
747 2930 889 3016 Περσεδς
903 2929 1021 3018 ῥύεται.
1054 2930 1195 3017 Περσεδς
1209 2929 1245 2994 δὲ
1262 2931 1345 2996 ἐστίν

167 3035 182 3082 ⁶
204 3033 222 3098 δ
245 3033 422 3124 ὑπόπτερος
443 3037 540 3114 ἄξων,
564 3037 582 3101 δ
601 3039 763 3123 περαίνων
787 3035 953 3126 ἑκατέρους
974 3040 1046 3112 τοὺς
1067 3037 1187 3113 πόλους
1208 3036 1264 3101 διδ
1285 3041 1344 3122 μέ-

203 3158 259 3227 σης
285 3147 337 3228 τῆς
357 3146 414 3229 γῆς
435 3146 490 3207 καί
511 3147 656 3230 στρέφων
675 3143 732 3208 τόν
753 3143 881 3228 κόσμον.
919 3145 1009 3208 Ἔστι
1031 3143 1067 3208 δὲ
1089 3149 1144 3208 καί
1164 3145 1199 3210 τό
1216 3147 1342 3228 πνεῦμα

202 3247 237 3312 τδ
258 3248 294 3312 όν
314 3253 357 3335 τῷ
380 3250 486 3337 κόσμῳ
508 3248 526 3314 ό
549 3250 637 3337 όρνις
658 3249 802 3326 όκόκνος
815 3249 907 3338 παρὰ
920 3251 977 3326 τᾶς
991 3251 1133 3338 ἄρκτους,
1158 3251 1341 3338 [μουσι]κδν

204 3353 294 3441 ζῷον,
316 3359 371 3419 τοῦ
393 3359 487 3420 θείου
510 3357 668 3441 σύμβολον
689 3358 884 3440 πνεύματος·
908 3356 955 3422 δτι
976 3358 1058 3445 πρός
1079 3355 1187 3434 αότοτς
1204 3357 1265 3444 ἤδη
1278 3369 1343 3434 τοίς

203 3465 333 3549 τέρμασι
353 3463 524 3546 γενόμενον
544 3467 598 3530 τοῦ
619 3466 692 3546 βίου
713 3464 815 3548 μόνον
837 3463 929 3546 ᾅδειν
952 3467 1089 3550 πέφυκε,
1111 3465 1190 3550 μετά
1212 3463 1343 3552 ἀγαθῆς

108 3615 114 3624 .
168 3568 333 3646 τοίλπίδος
354 3575 407 3657 τῆς
428 3574 553 3647 κτίστας
574 3575 627 3658 τῆς
641 3571 786 3659 πονηράς
807 3571 1098 3656 ἄπαλλασσόμενον
1118 3572 1236 3656 ὕμνους
1258 3571 1341 3637 ἄνα-

201 3679 331 3760 πέμπον
354 3681 397 3764 τῷ
418 3680 500 3764 θεῷ.
543 3680 695 3764 Καρκίνοι
716 3677 753 3742 δὲ
774 3683 829 3743 καὶ
851 3683 962 3767 ταῦροι
984 3684 1039 3744 καί
1057 3680 1180 3755 λέοντες
1191 3684 1246 3743 καί
1262 3683 1344 3767 κριοί

203 3788 257 3846 καί
285 3784 370 3864 αίγες
399 3789 454 3849 καί
479 3784 605 3871 ἔριφοι,
636 3790 690 3850 καὶ
721 3785 781 3851 δσα
811 3786 896 3852 ἄλλα
926 3789 1029 3874 θηρία
1058 3784 1114 3850 διά
1135 3790 1198 3850 τῶν
1219 3787 1343 3870 ἄστρων

203 3889 389 3974 ὀνομάζεται
411 3893 492 3956 κατὰ
512 3893 568 3958 τδν
588 3890 738 3981 οδρανόν,
760 3895 880 3971 είκόνες
901 3894 957 3980 δή,
981 3897 1095 3980 φησίν,
1119 3894 1180 3958 εἶσί
1200 3897 1255 3958 καί
1277 3917 1343 3958 πα-

202 3997 413 4085 ραδείγματα,
446 3998 504 4086 ἀφ’
527 3996 573 4065 οίν
594 3998 613 4086 ἢ
635 4000 808 4088 μεταβλητη
830 4005 925 4076 κτίσις
941 4000 1152 4085 λαμβάνουσα
1173 4001 1229 4077 τδς
1251 3999 1341 4076 ίδέας

166 4104 350 4171 ίίτοιούτων
369 4105 457 4194 ζῴων
473 4110 590 4187 γίνεται
612 4107 741 4194 πλήρης.

271 4267 319 4323 80.
343 4266 390 4320 καί
407 4265 460 4320 τόδ
481 4264 510 4320 Μ
622 4266 650 4320 τό
667 4265 752 4338 φυτόν
770 4263 792 4321 C
809 4263 839 4322 M
949 4268 995 4325 87.
1024 4267 1247 4341 παραφυλάττων
1264 4265 1344 4322 Rue-

201 4375 301 4432 perus:
332 4359 553 4433 παραφυλάττειν
577 4355 612 4413 C:
632 4359 844 4430 παραφυλάττει
867 4357 898 4417 Μ
1012 4363 1056 4416 90.
1084 4359 1116 4416 ln
1143 4357 1165 4414 C
1189 4379 1240 4414 vox
1266 4360 1344 4414 είκιόν

204 4452 249 4508 τίτί
257 4461 320 4508 etur
338 4469 415 4508 erm
433 4451 464 4510 M
551 4454 616 4524 τοῖς]
634 4447 719 4506 τοδί]
808 4453 853 4508 94.
870 4455 908 4516 είς
926 4452 1006 4509 ἄίδοο
1026 4451 1061 4518 G;
1099 4454 1135 4510 αί.
1152 4451 1230 4510 Ant.
1249 4471 1276 4510 v.
1296 4455 1345 4508 179
