<?xml version="1.0" encoding="UTF-8"?>
<!DOCTYPE html PUBLIC "-//W3C//DTD XHTML 1.0 Transitional//EN"
    "http://www.w3.org/TR/xhtml1/DTD/xhtml1-transitional.dtd">
<html xmlns="http://www.w3.org/1999/xhtml" xml:lang="en" lang="en">
 <head>
  <title>
</title>
<meta http-equiv="Content-Type" content="text/html;charset=utf-8" />
  <meta name='ocr-system' content='tesseract 3.04.00' />
  <meta name='ocr-capabilities' content='ocr_page ocr_carea ocr_par ocr_line ocrx_word'/>
</head>
<body>
  <div class='ocr_page' id='page_1' title='image "./refutationisomn00hippgoog_0307.png"; bbox 0 0 3050 4988; ppageno 0'>
   <div class='ocr_carea' id='block_1_1' title="bbox 211 308 888 396">
    <p class='ocr_par' dir='ltr' id='par_1_1' title="bbox 211 308 888 396">
     <span class='ocr_line' id='line_1_1' title="bbox 211 308 888 396; baseline -0.007 -19"><span class='ocrx_word' id='word_1_1' title='bbox 211 308 275 377; x_wconf 80' lang='lat'><em>294</em></span> <span class='ocrx_word' id='word_1_2' title='bbox 321 309 451 396; x_wconf 62' lang='lat' dir='ltr'>(mo.)</span> <span class='ocrx_word' id='word_1_3' title='bbox 651 315 746 374; x_wconf 81' lang='grc' dir='ltr'><em>ιιοτο</em></span> <span class='ocrx_word' id='word_1_4' title='bbox 769 313 813 388; x_wconf 76' lang='grc' dir='ltr'><em>τι,</em></span> <span class='ocrx_word' id='word_1_5' title='bbox 838 317 888 372; x_wconf 80' lang='grc' dir='ltr'><em>οε.</em></span> 
     </span>
    </p>
   </div>
   <div class='ocr_carea' id='block_1_2' title="bbox 177 474 1366 2280">
    <p class='ocr_par' dir='ltr' id='par_1_2' title="bbox 177 474 1366 2280">
     <span class='ocr_line' id='line_1_2' title="bbox 211 474 1362 566; baseline 0 -22"><span class='ocrx_word' id='word_1_6' title='bbox 211 477 359 564; x_wconf 78' lang='grc' dir='ltr'><em>ὀνομάζω</em></span> <span class='ocrx_word' id='word_1_7' title='bbox 380 479 414 544; x_wconf 89' lang='grc' dir='ltr'><em>τδ</em></span> <span class='ocrx_word' id='word_1_8' title='bbox 436 481 485 544; x_wconf 73' lang='grc' dir='ltr'><em>ἔν.</em></span> <span class='ocrx_word' id='word_1_9' title='bbox 536 474 640 544; x_wconf 87' lang='grc' dir='ltr'><em>Αύται</em></span> <span class='ocrx_word' id='word_1_10' title='bbox 671 477 707 542; x_wconf 72' lang='grc' dir='ltr'><em>αἱ</em></span> <span class='ocrx_word' id='word_1_11' title='bbox 734 481 881 565; x_wconf 82' lang='grc' dir='ltr'><em>τέσσαρες</em></span> <span class='ocrx_word' id='word_1_12' title='bbox 911 477 1063 564; x_wconf 87' lang='grc' dir='ltr'><em>δυνάμεις</em></span> <span class='ocrx_word' id='word_1_13' title='bbox 1091 478 1273 566; x_wconf 82' lang='grc' dir='ltr'><em>προήκαντο</em></span> <span class='ocrx_word' id='word_1_14' title='bbox 1305 485 1362 556; x_wconf 79' lang='grc' dir='ltr'><em>τὰς</em></span> 
     </span>
     <span class='ocr_line' id='line_1_3' title="bbox 212 584 1361 674; baseline -0.001 -21"><span class='ocrx_word' id='word_1_15' title='bbox 212 588 330 662; x_wconf 79' lang='grc' dir='ltr'><em>λοιπάς</em></span> <span class='ocrx_word' id='word_1_16' title='bbox 346 592 409 652; x_wconf 88' lang='grc' dir='ltr'><em>τών</em></span> <span class='ocrx_word' id='word_1_17' title='bbox 432 587 561 651; x_wconf 74' lang='grc' dir='ltr'><em>αἰώνιον</em></span> <span class='ocrx_word' id='word_1_18' title='bbox 582 585 756 672; x_wconf 90' lang='grc' dir='ltr'><em>προβολάς.</em></span> <span class='ocrx_word' id='word_1_19' title='bbox 793 586 903 652; x_wconf 81' lang='grc' dir='ltr'><em>Ἀλλοι</em></span> <span class='ocrx_word' id='word_1_20' title='bbox 916 585 952 650; x_wconf 74' lang='grc' dir='ltr'><em>δὲ</em></span> <span class='ocrx_word' id='word_1_21' title='bbox 967 586 1067 652; x_wconf 89' lang='grc' dir='ltr'><em>πάλιν</em></span> <span class='ocrx_word' id='word_1_22' title='bbox 1082 584 1188 652; x_wconf 83' lang='grc' dir='ltr'><em>αύτών</em></span> <span class='ocrx_word' id='word_1_23' title='bbox 1197 587 1253 674; x_wconf 85' lang='grc' dir='ltr'><em>τήν</em></span> <span class='ocrx_word' id='word_1_24' title='bbox 1269 587 1361 673; x_wconf 86' lang='grc' dir='ltr'><em>πρώ-</em></span> 
     </span>
     <span class='ocr_line' id='line_1_4' title="bbox 213 692 1362 781; baseline 0.002 -22"><span class='ocrx_word' id='word_1_25' title='bbox 213 716 268 781; x_wconf 83' lang='grc' dir='ltr'><em>την</em></span> <span class='ocrx_word' id='word_1_26' title='bbox 290 699 344 758; x_wconf 79' lang='grc' dir='ltr'><em>καλ</em></span> <span class='ocrx_word' id='word_1_27' title='bbox 374 693 549 780; x_wconf 83' lang='grc' dir='ltr'><em>ἄρχέγονον</em></span> <span class='ocrx_word' id='word_1_28' title='bbox 579 692 726 774; x_wconf 85' lang='grc' dir='ltr'><em>ύγδοάδα</em></span> <span class='ocrx_word' id='word_1_29' title='bbox 757 693 878 770; x_wconf 88' lang='grc' dir='ltr'><em>τούτοις</em></span> <span class='ocrx_word' id='word_1_30' title='bbox 908 705 973 770; x_wconf 83' lang='grc' dir='ltr'><em>τοῖς</em></span> <span class='ocrx_word' id='word_1_31' title='bbox 1002 693 1159 778; x_wconf 77' lang='grc' dir='ltr'><em>ὀνόμασιν</em></span> <span class='ocrx_word' id='word_1_32' title='bbox 1187 695 1362 761; x_wconf 72' lang='grc' dir='ltr'><em>ἐκάλεσαν·</em></span> 
     </span>
     <span class='ocr_line' id='line_1_5' title="bbox 214 799 1361 889; baseline 0.001 -23"><span class='ocrx_word' id='word_1_33' title='bbox 214 799 1361 889; x_wconf 77' lang='grc' dir='ltr'><em>[πρώτονπροαρχήν,ἕπειταᾶνεννύητον,τήνδὲτρλτηνᾶρρητον,</em></span> 
     </span>
     <span class='ocr_line' id='line_1_6' title="bbox 177 907 1363 997; baseline 0.001 -25"><span class='ocrx_word' id='word_1_34' title='bbox 177 912 266 973; x_wconf 82' lang='grc' dir='ltr'><em>10καί</em></span> <span class='ocrx_word' id='word_1_35' title='bbox 289 910 357 997; x_wconf 84' lang='grc' dir='ltr'><em>τήν]</em></span> <span class='ocrx_word' id='word_1_36' title='bbox 380 908 526 996; x_wconf 72' lang='grc' dir='ltr'><em>τετάρτην</em></span> <span class='ocrx_word' id='word_1_37' title='bbox 551 907 735 995; x_wconf 84' lang='grc' dir='ltr'><em>ἄόρατσν.</em></span> <span class='ocrx_word' id='word_1_38' title='bbox 779 913 842 973; x_wconf 75' lang='grc' dir='ltr'><em>Καὶ</em></span> <span class='ocrx_word' id='word_1_39' title='bbox 861 909 896 973; x_wconf 72' lang='grc' dir='ltr'><em>ἐκ</em></span> <span class='ocrx_word' id='word_1_40' title='bbox 917 914 978 993; x_wconf 79' lang='grc' dir='ltr'><em>μὲν</em></span> <span class='ocrx_word' id='word_1_41' title='bbox 1007 913 1060 995; x_wconf 80' lang='grc' dir='ltr'><em>τῆς</em></span> <span class='ocrx_word' id='word_1_42' title='bbox 1075 907 1200 996; x_wconf 85' lang='grc' dir='ltr'><em>πρώτης</em></span> <span class='ocrx_word' id='word_1_43' title='bbox 1220 933 1363 996; x_wconf 91' lang='grc' dir='ltr'><em>προαρ-</em></span> 
     </span>
     <span class='ocr_line' id='line_1_7' title="bbox 210 1013 1364 1104; baseline 0 -24"><span class='ocrx_word' id='word_1_44' title='bbox 210 1020 281 1102; x_wconf 85' lang='grc' dir='ltr'><em>χής</em></span> <span class='ocrx_word' id='word_1_45' title='bbox 312 1016 555 1104; x_wconf 73' lang='grc' dir='ltr'><em>προβεβλῆσθαι</em></span> <span class='ocrx_word' id='word_1_46' title='bbox 582 1019 697 1103; x_wconf 93' lang='grc' dir='ltr'><em>πρώτῳ</em></span> <span class='ocrx_word' id='word_1_47' title='bbox 720 1019 775 1079; x_wconf 74' lang='grc' dir='ltr'><em>καὶ</em></span> <span class='ocrx_word' id='word_1_48' title='bbox 795 1018 928 1103; x_wconf 78' lang='grc' dir='ltr'><em>πέμπτῳ</em></span> <span class='ocrx_word' id='word_1_49' title='bbox 949 1015 1038 1104; x_wconf 89' lang='grc' dir='ltr'><em>τόπῳ</em></span> <span class='ocrx_word' id='word_1_50' title='bbox 1059 1013 1083 1079; x_wconf 89' lang='grc' dir='ltr'><em>ἄ</em></span> <span class='ocrx_word' id='word_1_51' title='bbox 1088 1039 1106 1102; x_wconf 96' lang='grc' dir='ltr'><em>ρ</em></span> <span class='ocrx_word' id='word_1_52' title='bbox 1111 1015 1190 1103; x_wconf 89' lang='grc' dir='ltr'><em>χήν,</em></span> <span class='ocrx_word' id='word_1_53' title='bbox 1213 1016 1249 1082; x_wconf 81' lang='grc' dir='ltr'><em>δκ</em></span> <span class='ocrx_word' id='word_1_54' title='bbox 1262 1015 1297 1080; x_wconf 78' lang='grc' dir='ltr'><em>δὲ</em></span> <span class='ocrx_word' id='word_1_55' title='bbox 1311 1021 1364 1104; x_wconf 83' lang='grc' dir='ltr'><em>τῆς</em></span> 
     </span>
     <span class='ocr_line' id='line_1_8' title="bbox 211 1121 1363 1210; baseline 0.002 -24"><span class='ocrx_word' id='word_1_56' title='bbox 211 1121 402 1210; x_wconf 87' lang='grc' dir='ltr'><em>άνεννοήτου</em></span> <span class='ocrx_word' id='word_1_57' title='bbox 436 1123 570 1210; x_wconf 79' lang='grc' dir='ltr'><em>δευτέρῳ</em></span> <span class='ocrx_word' id='word_1_58' title='bbox 605 1128 659 1186; x_wconf 72' lang='grc' dir='ltr'><em>καὶ</em></span> <span class='ocrx_word' id='word_1_59' title='bbox 689 1125 766 1210; x_wconf 74' lang='grc' dir='ltr'><em>ἕκτῳ</em></span> <span class='ocrx_word' id='word_1_60' title='bbox 790 1123 905 1210; x_wconf 87' lang='grc' dir='ltr'><em>[τόπῳ]</em></span> <span class='ocrx_word' id='word_1_61' title='bbox 931 1123 1233 1210; x_wconf 75' lang='grc' dir='ltr'><em>ἀκατάληπτον,</em></span> <span class='ocrx_word' id='word_1_62' title='bbox 1263 1125 1299 1190; x_wconf 76' lang='grc' dir='ltr'><em>ἐκ</em></span> <span class='ocrx_word' id='word_1_63' title='bbox 1327 1124 1363 1189; x_wconf 78' lang='grc' dir='ltr'><em>δὲ</em></span> 
     </span>
     <span class='ocr_line' id='line_1_9' title="bbox 211 1229 1364 1318; baseline 0.002 -24"><span class='ocrx_word' id='word_1_64' title='bbox 211 1233 265 1317; x_wconf 82' lang='grc' dir='ltr'><em>τής</em></span> <span class='ocrx_word' id='word_1_65' title='bbox 286 1229 456 1318; x_wconf 85' lang='grc' dir='ltr'><em>ἄρρήτου</em></span> <span class='ocrx_word' id='word_1_66' title='bbox 479 1234 568 1318; x_wconf 74' lang='grc' dir='ltr'><em>τρίτῳ</em></span> <span class='ocrx_word' id='word_1_67' title='bbox 590 1234 645 1294; x_wconf 77' lang='grc' dir='ltr'><em>καὶ</em></span> <span class='ocrx_word' id='word_1_68' title='bbox 668 1229 796 1316; x_wconf 77' lang='grc' dir='ltr'><em>ἑβδόμῳ</em></span> <span class='ocrx_word' id='word_1_69' title='bbox 818 1231 905 1318; x_wconf 88' lang='grc' dir='ltr'><em>τόπῳ</em></span> <span class='ocrx_word' id='word_1_70' title='bbox 929 1229 1231 1315; x_wconf 88' lang='grc' dir='ltr'><em>ἄνονόμαστον,</em></span> <span class='ocrx_word' id='word_1_71' title='bbox 1261 1232 1296 1295; x_wconf 71' lang='grc' dir='ltr'><em>ἐκ</em></span> <span class='ocrx_word' id='word_1_72' title='bbox 1327 1230 1364 1296; x_wconf 77' lang='grc' dir='ltr'><em>δὲ</em></span> 
     </span>
     <span class='ocr_line' id='line_1_10' title="bbox 214 1334 1364 1425; baseline 0.002 -24"><span class='ocrx_word' id='word_1_73' title='bbox 214 1341 267 1425; x_wconf 86' lang='grc' dir='ltr'><em>υής</em></span> <span class='ocrx_word' id='word_1_74' title='bbox 289 1337 471 1425; x_wconf 89' lang='grc' dir='ltr'><em>αόράτου</em></span> <span class='ocrx_word' id='word_1_75' title='bbox 499 1336 733 1422; x_wconf 79' lang='grc' dir='ltr'><em>ἄγέννητον,</em></span> <span class='ocrx_word' id='word_1_76' title='bbox 765 1334 925 1422; x_wconf 88' lang='grc' dir='ltr'><em>πλήρωμα</em></span> <span class='ocrx_word' id='word_1_77' title='bbox 956 1341 1010 1423; x_wconf 79' lang='grc' dir='ltr'><em>τῆς</em></span> <span class='ocrx_word' id='word_1_78' title='bbox 1042 1339 1165 1425; x_wconf 77' lang='grc' dir='ltr'><em>πρώτης</em></span> <span class='ocrx_word' id='word_1_79' title='bbox 1195 1337 1364 1418; x_wconf 80' lang='grc' dir='ltr'><em>ὀγδοάδος.</em></span> 
     </span>
     <span class='ocr_line' id='line_1_11' title="bbox 177 1441 1365 1531; baseline 0.002 -25"><span class='ocrx_word' id='word_1_80' title='bbox 177 1453 207 1506; x_wconf 71' lang='lat'><em>15</em></span> <span class='ocrx_word' id='word_1_81' title='bbox 220 1443 349 1520; x_wconf 79' lang='grc' dir='ltr'><em>Ταύτας</em></span> <span class='ocrx_word' id='word_1_82' title='bbox 368 1443 541 1528; x_wconf 87' lang='grc' dir='ltr'><em>βούλονται</em></span> <span class='ocrx_word' id='word_1_83' title='bbox 562 1443 620 1519; x_wconf 83' lang='grc' dir='ltr'><em>τάς</em></span> <span class='ocrx_word' id='word_1_84' title='bbox 641 1441 794 1527; x_wconf 85' lang='grc' dir='ltr'><em>δυνάμεις</em></span> <span class='ocrx_word' id='word_1_85' title='bbox 815 1443 1037 1531; x_wconf 82' lang='grc' dir='ltr'><em>προϋπάρχειν</em></span> <span class='ocrx_word' id='word_1_86' title='bbox 1068 1449 1123 1509; x_wconf 88' lang='grc' dir='ltr'><em>τοῦ</em></span> <span class='ocrx_word' id='word_1_87' title='bbox 1149 1448 1284 1528; x_wconf 88' lang='grc' dir='ltr'><em>βυθοῦ</em></span> <span class='ocrx_word' id='word_1_88' title='bbox 1310 1449 1365 1508; x_wconf 79' lang='grc' dir='ltr'><em>καὶ</em></span> 
     </span>
     <span class='ocr_line' id='line_1_12' title="bbox 215 1549 1365 1640; baseline -0.001 -24"><span class='ocrx_word' id='word_1_89' title='bbox 215 1555 268 1638; x_wconf 86' lang='grc' dir='ltr'><em>τής</em></span> <span class='ocrx_word' id='word_1_90' title='bbox 298 1556 414 1640; x_wconf 87' lang='grc' dir='ltr'><em>σιγής.</em></span> <span class='ocrx_word' id='word_1_91' title='bbox 471 1551 598 1617; x_wconf 76' lang='grc' dir='ltr'><em>Πολλοὶ</em></span> <span class='ocrx_word' id='word_1_92' title='bbox 620 1549 657 1615; x_wconf 73' lang='grc' dir='ltr'><em>δὲ</em></span> <span class='ocrx_word' id='word_1_93' title='bbox 678 1556 751 1637; x_wconf 72' lang='grc' dir='ltr'><em>περὶ</em></span> <span class='ocrx_word' id='word_1_94' title='bbox 773 1549 872 1616; x_wconf 86' lang='grc' dir='ltr'><em>αύτοῦ</em></span> <span class='ocrx_word' id='word_1_95' title='bbox 893 1553 948 1616; x_wconf 91' lang='grc' dir='ltr'><em>τοῦ</em></span> <span class='ocrx_word' id='word_1_96' title='bbox 971 1554 1109 1634; x_wconf 88' lang='grc' dir='ltr'><em>βυθοῦ</em></span> <span class='ocrx_word' id='word_1_97' title='bbox 1132 1557 1186 1615; x_wconf 76' lang='grc' dir='ltr'><em>καὶ</em></span> <span class='ocrx_word' id='word_1_98' title='bbox 1209 1549 1365 1637; x_wconf 74' lang='grc' dir='ltr'><em>διάφοροι</em></span> 
     </span>
     <span class='ocr_line' id='line_1_13' title="bbox 215 1655 1363 1744; baseline 0 -23"><span class='ocrx_word' id='word_1_99' title='bbox 215 1662 350 1742; x_wconf 86' lang='grc' dir='ltr'><em>γνώμαι.</em></span> <span class='ocrx_word' id='word_1_100' title='bbox 396 1655 438 1722; x_wconf 71' lang='lat'><em>02</em></span> <span class='ocrx_word' id='word_1_101' title='bbox 455 1662 514 1742; x_wconf 76' lang='grc' dir='ltr'><em>μὲν</em></span> <span class='ocrx_word' id='word_1_102' title='bbox 530 1655 628 1723; x_wconf 84' lang='grc' dir='ltr'><em>αύτδν</em></span> <span class='ocrx_word' id='word_1_103' title='bbox 643 1656 760 1738; x_wconf 84' lang='grc' dir='ltr'><em>ἄζυγον</em></span> <span class='ocrx_word' id='word_1_104' title='bbox 777 1655 912 1737; x_wconf 79' lang='grc' dir='ltr'><em>λέγουσι,</em></span> <span class='ocrx_word' id='word_1_105' title='bbox 928 1655 1005 1743; x_wconf 82' lang='grc' dir='ltr'><em>μήτε</em></span> <span class='ocrx_word' id='word_1_106' title='bbox 1018 1657 1140 1744; x_wconf 81' lang='grc' dir='ltr'><em>ἄρρενα</em></span> <span class='ocrx_word' id='word_1_107' title='bbox 1156 1656 1233 1743; x_wconf 87' lang='grc' dir='ltr'><em>μήτε</em></span> <span class='ocrx_word' id='word_1_108' title='bbox 1246 1657 1363 1743; x_wconf 80' lang='grc' dir='ltr'><em>θῆλυν,</em></span> 
     </span>
     <span class='ocr_line' id='line_1_14' title="bbox 217 1761 1364 1852; baseline 0.001 -25"><span class='ocrx_word' id='word_1_109' title='bbox 217 1764 313 1830; x_wconf 91' lang='grc' dir='ltr'><em>ἄλλοι</em></span> <span class='ocrx_word' id='word_1_110' title='bbox 336 1765 372 1830; x_wconf 80' lang='grc' dir='ltr'><em>δὲ</em></span> <span class='ocrx_word' id='word_1_111' title='bbox 393 1767 448 1852; x_wconf 84' lang='grc' dir='ltr'><em>τήν</em></span> <span class='ocrx_word' id='word_1_112' title='bbox 470 1764 580 1851; x_wconf 83' lang='grc' dir='ltr'><em>σιγήν</em></span> <span class='ocrx_word' id='word_1_113' title='bbox 601 1763 741 1852; x_wconf 88' lang='grc' dir='ltr'><em>θήλειαν</em></span> <span class='ocrx_word' id='word_1_114' title='bbox 763 1761 850 1852; x_wconf 79' lang='grc' dir='ltr'><em>αύτῷ</em></span> <span class='ocrx_word' id='word_1_115' title='bbox 873 1775 1087 1850; x_wconf 72' lang='grc' dir='ltr'><em>συμπαρεῖναι</em></span> <span class='ocrx_word' id='word_1_116' title='bbox 1108 1770 1162 1828; x_wconf 76' lang='grc' dir='ltr'><em>καλ</em></span> <span class='ocrx_word' id='word_1_117' title='bbox 1183 1765 1267 1829; x_wconf 69' lang='grc' dir='ltr'><em>εἶναι</em></span> <span class='ocrx_word' id='word_1_118' title='bbox 1284 1764 1364 1828; x_wconf 87' lang='grc' dir='ltr'><em>ταύ-</em></span> 
     </span>
     <span class='ocr_line' id='line_1_15' title="bbox 217 1868 1366 1961; baseline -0.003 -22"><span class='ocrx_word' id='word_1_119' title='bbox 217 1893 272 1960; x_wconf 87' lang='grc' dir='ltr'><em>την</em></span> <span class='ocrx_word' id='word_1_120' title='bbox 293 1873 421 1961; x_wconf 85' lang='grc' dir='ltr'><em>πρώτην</em></span> <span class='ocrx_word' id='word_1_121' title='bbox 443 1871 601 1953; x_wconf 78' lang='grc' dir='ltr'><em>συζυγίαν.</em></span> <span class='ocrx_word' id='word_1_122' title='bbox 640 1868 682 1936; x_wconf 74' lang='grc' dir='ltr'><em>Οἱ</em></span> <span class='ocrx_word' id='word_1_123' title='bbox 699 1869 734 1935; x_wconf 82' lang='grc' dir='ltr'><em>δὲ</em></span> <span class='ocrx_word' id='word_1_124' title='bbox 755 1875 828 1957; x_wconf 77' lang='grc' dir='ltr'><em>περὶ</em></span> <span class='ocrx_word' id='word_1_125' title='bbox 844 1873 899 1936; x_wconf 89' lang='grc' dir='ltr'><em>τδν</em></span> <span class='ocrx_word' id='word_1_126' title='bbox 921 1871 1123 1954; x_wconf 76' lang='grc' dir='ltr'><em>Πτολεμαῖον</em></span> <span class='ocrx_word' id='word_1_127' title='bbox 1139 1869 1198 1936; x_wconf 90' lang='grc' dir='ltr'><em>δύο</em></span> <span class='ocrx_word' id='word_1_128' title='bbox 1216 1869 1366 1951; x_wconf 88' lang='grc' dir='ltr'><em>συζύγους</em></span> 
     </span>
     <span class='ocr_line' id='line_1_16' title="bbox 179 1976 1365 2062; baseline -0.003 -18"><span class='ocrx_word' id='word_1_129' title='bbox 179 1977 316 2045; x_wconf 65' lang='grc' dir='ltr'><em>λθαύτδν</em></span> <span class='ocrx_word' id='word_1_130' title='bbox 339 1981 423 2062; x_wconf 80' lang='grc' dir='ltr'><em>ἔχειν</em></span> <span class='ocrx_word' id='word_1_131' title='bbox 443 1979 599 2060; x_wconf 83' lang='grc' dir='ltr'><em>λέγουσιν,</em></span> <span class='ocrx_word' id='word_1_132' title='bbox 622 1979 662 2055; x_wconf 86' lang='grc' dir='ltr'><em>ἄς</em></span> <span class='ocrx_word' id='word_1_133' title='bbox 683 1982 739 2042; x_wconf 77' lang='grc' dir='ltr'><em>καὶ</em></span> <span class='ocrx_word' id='word_1_134' title='bbox 755 1976 919 2054; x_wconf 83' lang='grc' dir='ltr'><em>διαθέσεις</em></span> <span class='ocrx_word' id='word_1_135' title='bbox 932 1977 1102 2056; x_wconf 83' lang='grc' dir='ltr'><em>καλοῦσιν,</em></span> <span class='ocrx_word' id='word_1_136' title='bbox 1126 1977 1294 2044; x_wconf 79' lang='grc' dir='ltr'><em>ἔννοιαν</em></span> <span class='ocrx_word' id='word_1_137' title='bbox 1311 1982 1365 2041; x_wconf 78' lang='grc' dir='ltr'><em>καὶ</em></span> 
     </span>
     <span class='ocr_line' id='line_1_17' title="bbox 218 2075 1365 2174; baseline -0.002 -24"><span class='ocrx_word' id='word_1_138' title='bbox 218 2085 408 2172; x_wconf 82' lang='grc' dir='ltr'><em>θέλησιν·</em></span> <span class='ocrx_word' id='word_1_139' title='bbox 431 2090 557 2174; x_wconf 88' lang='grc' dir='ltr'><em>πρώιον</em></span> <span class='ocrx_word' id='word_1_140' title='bbox 570 2087 633 2172; x_wconf 78' lang='grc' dir='ltr'><em>γάρ</em></span> <span class='ocrx_word' id='word_1_141' title='bbox 649 2075 807 2172; x_wconf 56' lang='grc' dir='ltr'><em>,οήθη</em></span> <span class='ocrx_word' id='word_1_142' title='bbox 819 2109 846 2149; x_wconf 89' lang='grc' dir='ltr'><em>τι</em></span> <span class='ocrx_word' id='word_1_143' title='bbox 862 2085 1047 2172; x_wconf 71' lang='grc' dir='ltr'><em>προβαλεῖν,</em></span> <span class='ocrx_word' id='word_1_144' title='bbox 1070 2084 1114 2162; x_wconf 87' lang='grc' dir='ltr'><em>ώς</em></span> <span class='ocrx_word' id='word_1_145' title='bbox 1130 2102 1240 2172; x_wconf 80' lang='grc' dir='ltr'><em>φασιν,</em></span> <span class='ocrx_word' id='word_1_146' title='bbox 1257 2085 1365 2150; x_wconf 85' lang='grc' dir='ltr'><em>ἔπειτα</em></span> 
     </span>
     <span class='ocr_line' id='line_1_18' title="bbox 219 2190 1363 2280; baseline -0.002 -22"><span class='ocrx_word' id='word_1_147' title='bbox 219 2190 368 2280; x_wconf 82' lang='grc' dir='ltr'><em>ήθέλησε.</em></span> <span class='ocrx_word' id='word_1_148' title='bbox 412 2193 471 2260; x_wconf 85' lang='grc' dir='ltr'><em>Διδ</em></span> <span class='ocrx_word' id='word_1_149' title='bbox 494 2197 549 2257; x_wconf 73' lang='grc' dir='ltr'><em>καὶ</em></span> <span class='ocrx_word' id='word_1_150' title='bbox 569 2196 632 2257; x_wconf 82' lang='grc' dir='ltr'><em>τών</em></span> <span class='ocrx_word' id='word_1_151' title='bbox 655 2191 715 2257; x_wconf 90' lang='grc' dir='ltr'><em>δύο</em></span> <span class='ocrx_word' id='word_1_152' title='bbox 743 2191 862 2258; x_wconf 86' lang='grc' dir='ltr'><em>τούτων</em></span> <span class='ocrx_word' id='word_1_153' title='bbox 891 2190 1073 2258; x_wconf 73' lang='grc' dir='ltr'><em>διαθέσεων</em></span> <span class='ocrx_word' id='word_1_154' title='bbox 1104 2197 1159 2257; x_wconf 76' lang='grc' dir='ltr'><em>καὶ</em></span> <span class='ocrx_word' id='word_1_155' title='bbox 1187 2191 1363 2276; x_wconf 80' lang='grc' dir='ltr'><em>δυνάμεων,</em></span> 
     </span>
    </p>
   </div>
   <div class='ocr_carea' id='block_1_3' title="bbox 386 2325 1084 2336">
    <p class='ocr_par' dir='ltr' id='par_1_3' title="bbox 386 2325 1084 2336">
     <span class='ocr_line' id='line_1_19' title="bbox 386 2325 1084 2336; baseline -0.007 1"><span class='ocrx_word' id='word_1_156' title='bbox 386 2327 615 2336; x_wconf 49' lang='lat' dir='ltr'><em>——ffl—</em></span> <span class='ocrx_word' id='word_1_157' title='bbox 1013 2325 1084 2332; x_wconf 81' lang='grc'><em>--</em></span> 
     </span>
    </p>
   </div>
   <div class='ocr_carea' id='block_1_4' title="bbox 215 2381 1400 4145">
    <p class='ocr_par' dir='ltr' id='par_1_4' title="bbox 216 2381 1365 2679">
     <span class='ocr_line' id='line_1_20' title="bbox 216 2381 1363 2477; baseline -0.003 -27"><span class='ocrx_word' id='word_1_158' title='bbox 216 2402 283 2460; x_wconf 89' lang='grc' dir='ltr'><em>σιος</em></span> <span class='ocrx_word' id='word_1_159' title='bbox 308 2383 402 2477; x_wconf 82' lang='grc' dir='ltr'><em>αύτή,</em></span> <span class='ocrx_word' id='word_1_160' title='bbox 430 2386 470 2472; x_wconf 82' lang='grc' dir='ltr'><em>ήν</em></span> <span class='ocrx_word' id='word_1_161' title='bbox 492 2388 546 2449; x_wconf 77' lang='grc' dir='ltr'><em>καὶ</em></span> <span class='ocrx_word' id='word_1_162' title='bbox 568 2383 667 2471; x_wconf 81' lang='grc' dir='ltr'><em>αύτήν</em></span> <span class='ocrx_word' id='word_1_163' title='bbox 688 2382 836 2468; x_wconf 83' lang='grc' dir='ltr'><em>δνομάζιο</em></span> <span class='ocrx_word' id='word_1_164' title='bbox 856 2385 891 2447; x_wconf 89' lang='grc' dir='ltr'><em>τδ</em></span> <span class='ocrx_word' id='word_1_165' title='bbox 913 2387 966 2448; x_wconf 73' lang='grc' dir='ltr'><em>ἓν.</em></span> <span class='ocrx_word' id='word_1_166' title='bbox 1018 2383 1122 2448; x_wconf 85' lang='grc' dir='ltr'><em>Αύται</em></span> <span class='ocrx_word' id='word_1_167' title='bbox 1144 2382 1180 2446; x_wconf 75' lang='grc' dir='ltr'><em>αἳ</em></span> <span class='ocrx_word' id='word_1_168' title='bbox 1201 2381 1363 2466; x_wconf 88' lang='grc' dir='ltr'><em>δυνάμεις,</em></span> 
     </span>
     <span class='ocr_line' id='line_1_21' title="bbox 216 2487 1365 2576; baseline 0 -24"><span class='ocrx_word' id='word_1_169' title='bbox 216 2489 471 2576; x_wconf 83' lang='grc' dir='ltr'><em>ήιεμονάτης</em></span> <span class='ocrx_word' id='word_1_170' title='bbox 504 2493 559 2553; x_wconf 75' lang='grc' dir='ltr'><em>καὶ</em></span> <span class='ocrx_word' id='word_1_171' title='bbox 591 2487 737 2575; x_wconf 78' lang='grc' dir='ltr'><em>ἑνότης</em></span> <span class='ocrx_word' id='word_1_172' title='bbox 766 2487 902 2570; x_wconf 90' lang='grc' dir='ltr'><em>μονάς</em></span> <span class='ocrx_word' id='word_1_173' title='bbox 929 2511 961 2552; x_wconf 83' lang='grc' dir='ltr'><em>τε</em></span> <span class='ocrx_word' id='word_1_174' title='bbox 991 2491 1044 2551; x_wconf 72' lang='grc' dir='ltr'><em>καὶ</em></span> <span class='ocrx_word' id='word_1_175' title='bbox 1065 2487 1099 2552; x_wconf 89' lang='grc' dir='ltr'><em>τδ</em></span> <span class='ocrx_word' id='word_1_176' title='bbox 1121 2491 1163 2553; x_wconf 71' lang='grc' dir='ltr'><em>ἓν</em></span> <span class='ocrx_word' id='word_1_177' title='bbox 1185 2487 1365 2574; x_wconf 81' lang='grc' dir='ltr'><em>προήκαντο</em></span> 
     </span>
     <span class='ocr_line' id='line_1_22' title="bbox 216 2592 838 2679; baseline -0.003 -22"><span class='ocrx_word' id='word_1_178' title='bbox 216 2595 272 2670; x_wconf 85' lang='grc' dir='ltr'><em>τάς</em></span> <span class='ocrx_word' id='word_1_179' title='bbox 292 2592 409 2668; x_wconf 85' lang='grc' dir='ltr'><em>λοιπὰς</em></span> <span class='ocrx_word' id='word_1_180' title='bbox 430 2593 595 2679; x_wconf 77' lang='grc' dir='ltr'><em>προβολάς</em></span> <span class='ocrx_word' id='word_1_181' title='bbox 616 2597 679 2658; x_wconf 85' lang='grc' dir='ltr'><em>τών</em></span> <span class='ocrx_word' id='word_1_182' title='bbox 701 2593 838 2656; x_wconf 78' lang='grc' dir='ltr'><em>αἰώνιον.</em></span> 
     </span>
    </p>

    <p class='ocr_par' dir='ltr' id='par_1_5' title="bbox 215 2693 1400 4145">
     <span class='ocr_line' id='line_1_23' title="bbox 304 2693 1365 2784; baseline -0.001 -23"><span class='ocrx_word' id='word_1_183' title='bbox 304 2699 334 2784; x_wconf 84' lang='lat'><em>§.</em></span> <span class='ocrx_word' id='word_1_184' title='bbox 358 2701 387 2762; x_wconf 83' lang='lat'><em>7.</em></span> <span class='ocrx_word' id='word_1_185' title='bbox 426 2696 538 2761; x_wconf 78' lang='grc' dir='ltr'><em>Ἀλλοι</em></span> <span class='ocrx_word' id='word_1_186' title='bbox 561 2697 597 2761; x_wconf 75' lang='grc' dir='ltr'><em>δὲ</em></span> <span class='ocrx_word' id='word_1_187' title='bbox 618 2696 721 2761; x_wconf 88' lang='grc' dir='ltr'><em>πάλιν</em></span> <span class='ocrx_word' id='word_1_188' title='bbox 744 2695 851 2761; x_wconf 74' lang='grc' dir='ltr'><em>αὐτῶν</em></span> <span class='ocrx_word' id='word_1_189' title='bbox 876 2694 931 2781; x_wconf 86' lang='grc' dir='ltr'><em>τήν</em></span> <span class='ocrx_word' id='word_1_190' title='bbox 960 2693 1088 2780; x_wconf 86' lang='grc' dir='ltr'><em>πρώτην</em></span> <span class='ocrx_word' id='word_1_191' title='bbox 1114 2699 1168 2758; x_wconf 75' lang='grc' dir='ltr'><em>καὶ</em></span> <span class='ocrx_word' id='word_1_192' title='bbox 1190 2693 1365 2780; x_wconf 77' lang='grc' dir='ltr'><em>ἀρχέγονον</em></span> 
     </span>
     <span class='ocr_line' id='line_1_24' title="bbox 217 2798 1363 2886; baseline -0.002 -22"><span class='ocrx_word' id='word_1_193' title='bbox 217 2798 364 2880; x_wconf 86' lang='grc' dir='ltr'><em>δγδοάδα</em></span> <span class='ocrx_word' id='word_1_194' title='bbox 387 2801 507 2877; x_wconf 75' lang='grc' dir='ltr'><em>τούτοις</em></span> <span class='ocrx_word' id='word_1_195' title='bbox 527 2811 592 2876; x_wconf 73' lang='grc' dir='ltr'><em>τοῦς</em></span> <span class='ocrx_word' id='word_1_196' title='bbox 614 2799 751 2884; x_wconf 88' lang='grc' dir='ltr'><em>δνύμασι</em></span> <span class='ocrx_word' id='word_1_197' title='bbox 774 2799 957 2886; x_wconf 82' lang='grc' dir='ltr'><em>κεκλήκασι·</em></span> <span class='ocrx_word' id='word_1_198' title='bbox 995 2802 1122 2884; x_wconf 85' lang='grc' dir='ltr'><em>πρώτον</em></span> <span class='ocrx_word' id='word_1_199' title='bbox 1143 2798 1363 2886; x_wconf 84' lang='grc' dir='ltr'><em>προαρχήν,</em></span> 
     </span>
     <span class='ocr_line' id='line_1_25' title="bbox 215 2905 1400 2994; baseline 0 -22"><span class='ocrx_word' id='word_1_200' title='bbox 215 2907 324 2972; x_wconf 81' lang='grc' dir='ltr'><em>ἔπειτα</em></span> <span class='ocrx_word' id='word_1_201' title='bbox 345 2905 605 2993; x_wconf 87' lang='grc' dir='ltr'><em>ἄνεννόητον,</em></span> <span class='ocrx_word' id='word_1_202' title='bbox 628 2909 683 2994; x_wconf 83' lang='grc' dir='ltr'><em>τήν</em></span> <span class='ocrx_word' id='word_1_203' title='bbox 698 2907 735 2971; x_wconf 74' lang='grc' dir='ltr'><em>δὲ</em></span> <span class='ocrx_word' id='word_1_204' title='bbox 746 2909 849 2993; x_wconf 73' lang='grc' dir='ltr'><em>τρίτην</em></span> <span class='ocrx_word' id='word_1_205' title='bbox 866 2907 1054 2992; x_wconf 83' lang='grc' dir='ltr'><em>ἄρρητον,</em></span> <span class='ocrx_word' id='word_1_206' title='bbox 1077 2911 1132 2969; x_wconf 71' lang='grc' dir='ltr'><em>καὶ</em></span> <span class='ocrx_word' id='word_1_207' title='bbox 1151 2906 1207 2990; x_wconf 81' lang='grc' dir='ltr'><em>τήν</em></span> <span class='ocrx_word' id='word_1_208' title='bbox 1219 2909 1400 2993; x_wconf 53' lang='grc' dir='ltr'><em>τετάρτηνκ</em></span> 
     </span>
     <span class='ocr_line' id='line_1_26' title="bbox 216 3010 1365 3100; baseline 0.002 -25"><span class='ocrx_word' id='word_1_209' title='bbox 216 3010 402 3100; x_wconf 88' lang='grc' dir='ltr'><em>ἄόρατον.</em></span> <span class='ocrx_word' id='word_1_210' title='bbox 449 3017 511 3077; x_wconf 78' lang='grc' dir='ltr'><em>Καὶ</em></span> <span class='ocrx_word' id='word_1_211' title='bbox 533 3013 568 3077; x_wconf 71' lang='grc' dir='ltr'><em>ἐκ</em></span> <span class='ocrx_word' id='word_1_212' title='bbox 589 3017 650 3097; x_wconf 78' lang='grc' dir='ltr'><em>μὲν</em></span> <span class='ocrx_word' id='word_1_213' title='bbox 670 3017 723 3098; x_wconf 80' lang='grc' dir='ltr'><em>τῆς</em></span> <span class='ocrx_word' id='word_1_214' title='bbox 743 3014 871 3097; x_wconf 88' lang='grc' dir='ltr'><em>πρώτης</em></span> <span class='ocrx_word' id='word_1_215' title='bbox 892 3013 1104 3098; x_wconf 83' lang='grc' dir='ltr'><em>προαρχῆς</em></span> <span class='ocrx_word' id='word_1_216' title='bbox 1121 3011 1365 3098; x_wconf 80' lang='grc' dir='ltr'><em>προβεβλῆσθαι</em></span> 
     </span>
     <span class='ocr_line' id='line_1_27' title="bbox 216 3115 1365 3205; baseline 0.001 -24"><span class='ocrx_word' id='word_1_217' title='bbox 216 3117 330 3202; x_wconf 87' lang='grc' dir='ltr'><em>πρώτῳ</em></span> <span class='ocrx_word' id='word_1_218' title='bbox 345 3121 400 3181; x_wconf 78' lang='grc' dir='ltr'><em>καὶ</em></span> <span class='ocrx_word' id='word_1_219' title='bbox 414 3121 547 3205; x_wconf 82' lang='grc' dir='ltr'><em>πέμπτῳ</em></span> <span class='ocrx_word' id='word_1_220' title='bbox 561 3117 611 3204; x_wconf 85' lang='grc' dir='ltr'><em>ἄρ</em></span> <span class='ocrx_word' id='word_1_221' title='bbox 619 3118 704 3204; x_wconf 88' lang='grc' dir='ltr'><em>χήν,</em></span> <span class='ocrx_word' id='word_1_222' title='bbox 725 3118 761 3182; x_wconf 73' lang='grc' dir='ltr'><em>ἐκ</em></span> <span class='ocrx_word' id='word_1_223' title='bbox 775 3116 811 3181; x_wconf 78' lang='grc' dir='ltr'><em>δὲ</em></span> <span class='ocrx_word' id='word_1_224' title='bbox 829 3119 896 3204; x_wconf 79' lang='grc' dir='ltr'><em>[τῆς</em></span> <span class='ocrx_word' id='word_1_225' title='bbox 910 3115 1022 3203; x_wconf 84' lang='grc' dir='ltr'><em>ἄρχής]</em></span> <span class='ocrx_word' id='word_1_226' title='bbox 1040 3121 1093 3203; x_wconf 85' lang='grc' dir='ltr'><em>τής</em></span> <span class='ocrx_word' id='word_1_227' title='bbox 1115 3116 1365 3203; x_wconf 89' lang='grc' dir='ltr'><em>άνεννοήτου</em></span> 
     </span>
     <span class='ocr_line' id='line_1_28' title="bbox 217 3218 1365 3308; baseline 0.003 -26"><span class='ocrx_word' id='word_1_228' title='bbox 217 3218 352 3308; x_wconf 80' lang='grc' dir='ltr'><em>δευτέρῳ</em></span> <span class='ocrx_word' id='word_1_229' title='bbox 374 3225 429 3284; x_wconf 73' lang='grc' dir='ltr'><em>καὶ</em></span> <span class='ocrx_word' id='word_1_230' title='bbox 450 3224 528 3308; x_wconf 73' lang='grc' dir='ltr'><em>ἕκτῳ</em></span> <span class='ocrx_word' id='word_1_231' title='bbox 558 3221 645 3308; x_wconf 92' lang='grc' dir='ltr'><em>τόπῳ</em></span> <span class='ocrx_word' id='word_1_232' title='bbox 676 3218 969 3307; x_wconf 89' lang='grc' dir='ltr'><em>ἄκατᾶληπτον,</em></span> <span class='ocrx_word' id='word_1_233' title='bbox 1002 3221 1038 3286; x_wconf 81' lang='grc' dir='ltr'><em>ἐκ</em></span> <span class='ocrx_word' id='word_1_234' title='bbox 1061 3220 1097 3285; x_wconf 75' lang='grc' dir='ltr'><em>δὲ</em></span> <span class='ocrx_word' id='word_1_235' title='bbox 1118 3224 1171 3306; x_wconf 81' lang='grc' dir='ltr'><em>τῆς</em></span> <span class='ocrx_word' id='word_1_236' title='bbox 1193 3219 1365 3307; x_wconf 84' lang='grc' dir='ltr'><em>α’ρρήτου</em></span> 
     </span>
     <span class='ocr_line' id='line_1_29' title="bbox 217 3322 1365 3412; baseline 0.002 -26"><span class='ocrx_word' id='word_1_237' title='bbox 217 3325 307 3410; x_wconf 73' lang='grc' dir='ltr'><em>τρίτῳ</em></span> <span class='ocrx_word' id='word_1_238' title='bbox 330 3329 384 3388; x_wconf 78' lang='grc' dir='ltr'><em>καλ</em></span> <span class='ocrx_word' id='word_1_239' title='bbox 406 3323 534 3410; x_wconf 79' lang='grc' dir='ltr'><em>ἑβδόμῳ</em></span> <span class='ocrx_word' id='word_1_240' title='bbox 556 3324 645 3412; x_wconf 89' lang='grc' dir='ltr'><em>τόπῳ</em></span> <span class='ocrx_word' id='word_1_241' title='bbox 667 3323 963 3409; x_wconf 87' lang='grc' dir='ltr'><em>ἄνονύμαστον,</em></span> <span class='ocrx_word' id='word_1_242' title='bbox 999 3324 1035 3388; x_wconf 70' lang='grc' dir='ltr'><em>ἐκ</em></span> <span class='ocrx_word' id='word_1_243' title='bbox 1057 3323 1093 3388; x_wconf 79' lang='grc' dir='ltr'><em>δὲ</em></span> <span class='ocrx_word' id='word_1_244' title='bbox 1114 3328 1167 3410; x_wconf 87' lang='grc' dir='ltr'><em>τής</em></span> <span class='ocrx_word' id='word_1_245' title='bbox 1188 3322 1365 3411; x_wconf 86' lang='grc' dir='ltr'><em>ἄορᾶτσυ</em></span> 
     </span>
     <span class='ocr_line' id='line_1_30' title="bbox 217 3424 1366 3516; baseline 0.001 -26"><span class='ocrx_word' id='word_1_246' title='bbox 217 3424 442 3514; x_wconf 80' lang='grc' dir='ltr'><em>ἄγέννητον,</em></span> <span class='ocrx_word' id='word_1_247' title='bbox 464 3427 622 3514; x_wconf 87' lang='grc' dir='ltr'><em>πλήρωμα</em></span> <span class='ocrx_word' id='word_1_248' title='bbox 646 3432 699 3514; x_wconf 83' lang='grc' dir='ltr'><em>τῆς</em></span> <span class='ocrx_word' id='word_1_249' title='bbox 719 3429 843 3516; x_wconf 85' lang='grc' dir='ltr'><em>πρώτης</em></span> <span class='ocrx_word' id='word_1_250' title='bbox 864 3426 1031 3508; x_wconf 81' lang='grc' dir='ltr'><em>ὀγδοάδος.</em></span> <span class='ocrx_word' id='word_1_251' title='bbox 1057 3427 1184 3501; x_wconf 88' lang='grc' dir='ltr'><em>Ταύτας</em></span> <span class='ocrx_word' id='word_1_252' title='bbox 1195 3426 1366 3509; x_wconf 87' lang='grc' dir='ltr'><em>βούλονται</em></span> 
     </span>
     <span class='ocr_line' id='line_1_31' title="bbox 217 3531 1366 3619; baseline 0.001 -24"><span class='ocrx_word' id='word_1_253' title='bbox 217 3534 274 3607; x_wconf 84' lang='grc' dir='ltr'><em>τάς</em></span> <span class='ocrx_word' id='word_1_254' title='bbox 295 3531 448 3616; x_wconf 83' lang='grc' dir='ltr'><em>δυνάμεις</em></span> <span class='ocrx_word' id='word_1_255' title='bbox 469 3533 690 3619; x_wconf 83' lang='grc' dir='ltr'><em>προϋπάρχειν</em></span> <span class='ocrx_word' id='word_1_256' title='bbox 711 3537 767 3597; x_wconf 90' lang='grc' dir='ltr'><em>τοῦ</em></span> <span class='ocrx_word' id='word_1_257' title='bbox 787 3536 920 3615; x_wconf 90' lang='grc' dir='ltr'><em>βυθοῦ</em></span> <span class='ocrx_word' id='word_1_258' title='bbox 941 3537 996 3595; x_wconf 71' lang='grc' dir='ltr'><em>καὶ</em></span> <span class='ocrx_word' id='word_1_259' title='bbox 1016 3535 1069 3618; x_wconf 79' lang='grc' dir='ltr'><em>τῆς</em></span> <span class='ocrx_word' id='word_1_260' title='bbox 1091 3535 1208 3617; x_wconf 87' lang='grc' dir='ltr'><em>σιγής</em></span> <span class='ocrx_word' id='word_1_261' title='bbox 1222 3577 1300 3598; x_wconf 92' lang='grc'><em>.....</em></span> <span class='ocrx_word' id='word_1_262' title='bbox 1311 3537 1366 3596; x_wconf 72' lang='grc' dir='ltr'><em>καὶ</em></span> 
     </span>
     <span class='ocr_line' id='line_1_32' title="bbox 217 3635 1368 3723; baseline 0.003 -24"><span class='ocrx_word' id='word_1_263' title='bbox 217 3635 283 3721; x_wconf 79' lang='grc' dir='ltr'><em>γάρ</em></span> <span class='ocrx_word' id='word_1_264' title='bbox 307 3641 379 3723; x_wconf 74' lang='grc' dir='ltr'><em>περὶ</em></span> <span class='ocrx_word' id='word_1_265' title='bbox 402 3636 501 3703; x_wconf 87' lang='grc' dir='ltr'><em>αδτσῦ</em></span> <span class='ocrx_word' id='word_1_266' title='bbox 522 3641 577 3702; x_wconf 87' lang='grc' dir='ltr'><em>τοῦ</em></span> <span class='ocrx_word' id='word_1_267' title='bbox 598 3640 729 3720; x_wconf 88' lang='grc' dir='ltr'><em>βυθοῦ</em></span> <span class='ocrx_word' id='word_1_268' title='bbox 750 3636 869 3702; x_wconf 79' lang='grc' dir='ltr'><em>πολλαὶ</em></span> <span class='ocrx_word' id='word_1_269' title='bbox 890 3641 945 3700; x_wconf 73' lang='grc' dir='ltr'><em>καλ</em></span> <span class='ocrx_word' id='word_1_270' title='bbox 966 3636 1120 3723; x_wconf 79' lang='grc' dir='ltr'><em>διάφοροι</em></span> <span class='ocrx_word' id='word_1_271' title='bbox 1147 3640 1272 3720; x_wconf 87' lang='grc' dir='ltr'><em>γνώμαι</em></span> <span class='ocrx_word' id='word_1_272' title='bbox 1291 3635 1368 3723; x_wconf 81' lang='grc' dir='ltr'><em>παρ’</em></span> 
     </span>
     <span class='ocr_line' id='line_1_33' title="bbox 218 3739 1368 3830; baseline 0.001 -27"><span class='ocrx_word' id='word_1_273' title='bbox 218 3739 336 3817; x_wconf 75' lang='grc' dir='ltr'><em>αδτοτς.</em></span> <span class='ocrx_word' id='word_1_274' title='bbox 382 3739 424 3806; x_wconf 75' lang='grc' dir='ltr'><em>Οἳ</em></span> <span class='ocrx_word' id='word_1_275' title='bbox 443 3745 504 3826; x_wconf 73' lang='grc' dir='ltr'><em>μὲν</em></span> <span class='ocrx_word' id='word_1_276' title='bbox 525 3745 589 3830; x_wconf 77' lang='grc' dir='ltr'><em>γάρ</em></span> <span class='ocrx_word' id='word_1_277' title='bbox 613 3741 719 3809; x_wconf 84' lang='grc' dir='ltr'><em>αύτδν</em></span> <span class='ocrx_word' id='word_1_278' title='bbox 732 3742 849 3824; x_wconf 88' lang='grc' dir='ltr'><em>ἄζυγον</em></span> <span class='ocrx_word' id='word_1_279' title='bbox 871 3742 1013 3823; x_wconf 84' lang='grc' dir='ltr'><em>λέγουσι,</em></span> <span class='ocrx_word' id='word_1_280' title='bbox 1036 3741 1113 3827; x_wconf 78' lang='grc' dir='ltr'><em>μήτε</em></span> <span class='ocrx_word' id='word_1_281' title='bbox 1141 3743 1262 3829; x_wconf 87' lang='grc' dir='ltr'><em>ἄρρενα</em></span> <span class='ocrx_word' id='word_1_282' title='bbox 1292 3739 1368 3828; x_wconf 83' lang='grc' dir='ltr'><em>μήτε</em></span> 
     </span>
     <span class='ocr_line' id='line_1_34' title="bbox 218 3845 1369 3934; baseline 0 -24"><span class='ocrx_word' id='word_1_283' title='bbox 218 3845 357 3933; x_wconf 74' lang='grc' dir='ltr'><em>θήλειαν</em></span> <span class='ocrx_word' id='word_1_284' title='bbox 366 3847 442 3934; x_wconf 90' lang='grc' dir='ltr'><em>μήτε</em></span> <span class='ocrx_word' id='word_1_285' title='bbox 458 3847 542 3924; x_wconf 84' lang='grc' dir='ltr'><em>δλας</em></span> <span class='ocrx_word' id='word_1_286' title='bbox 556 3850 634 3914; x_wconf 81' lang='grc' dir='ltr'><em>ὄντα</em></span> <span class='ocrx_word' id='word_1_287' title='bbox 647 3871 691 3926; x_wconf 90' lang='grc' dir='ltr'><em>τι,</em></span> <span class='ocrx_word' id='word_1_288' title='bbox 710 3847 803 3912; x_wconf 87' lang='grc' dir='ltr'><em>ἄλλοι</em></span> <span class='ocrx_word' id='word_1_289' title='bbox 816 3846 852 3912; x_wconf 82' lang='grc' dir='ltr'><em>δὲ</em></span> <span class='ocrx_word' id='word_1_290' title='bbox 872 3847 1096 3934; x_wconf 85' lang='grc' dir='ltr'><em>ἄρρενόθηλυν</em></span> <span class='ocrx_word' id='word_1_291' title='bbox 1111 3845 1210 3911; x_wconf 85' lang='grc' dir='ltr'><em>αδτδν</em></span> <span class='ocrx_word' id='word_1_292' title='bbox 1223 3845 1369 3926; x_wconf 72' lang='grc' dir='ltr'><em>λέγουσιν</em></span> 
     </span>
     <span class='ocr_line' id='line_1_35' title="bbox 218 3941 1369 4040; baseline -0.002 -24"><span class='ocrx_word' id='word_1_293' title='bbox 218 3953 318 4030; x_wconf 74' lang='grc' dir='ltr'><em>εἶναι,</em></span> <span class='ocrx_word' id='word_1_294' title='bbox 341 3951 577 4040; x_wconf 78' lang='grc' dir='ltr'><em>δρμαῳροδύτου</em></span> <span class='ocrx_word' id='word_1_295' title='bbox 593 3955 692 4038; x_wconf 84' lang='grc' dir='ltr'><em>φύσιν</em></span> <span class='ocrx_word' id='word_1_296' title='bbox 708 3951 794 4040; x_wconf 77' lang='grc' dir='ltr'><em>αύτρῦ</em></span> <span class='ocrx_word' id='word_1_297' title='bbox 812 3954 1053 4037; x_wconf 85' lang='grc' dir='ltr'><em>περιάπτοντες·</em></span> <span class='ocrx_word' id='word_1_298' title='bbox 1077 3953 1199 4038; x_wconf 85' lang='grc' dir='ltr'><em>σιγήν</em></span> <span class='ocrx_word' id='word_1_299' title='bbox 1217 3949 1254 4014; x_wconf 76' lang='grc' dir='ltr'><em>δὲ</em></span> <span class='ocrx_word' id='word_1_300' title='bbox 1269 3941 1369 4015; x_wconf 87' lang='grc' dir='ltr'><em>πάλιν</em></span> 
     </span>
     <span class='ocr_line' id='line_1_36' title="bbox 217 4055 1369 4145; baseline -0.002 -24"><span class='ocrx_word' id='word_1_301' title='bbox 217 4055 313 4122; x_wconf 88' lang='grc' dir='ltr'><em>ἄλλοι</em></span> <span class='ocrx_word' id='word_1_302' title='bbox 325 4059 503 4122; x_wconf 81' lang='grc' dir='ltr'><em>συνευνύτιν</em></span> <span class='ocrx_word' id='word_1_303' title='bbox 520 4056 606 4145; x_wconf 76' lang='grc' dir='ltr'><em>αύτῷ</em></span> <span class='ocrx_word' id='word_1_304' title='bbox 622 4059 869 4142; x_wconf 86' lang='grc' dir='ltr'><em>προσάπτουσιν,</em></span> <span class='ocrx_word' id='word_1_305' title='bbox 879 4064 936 4123; x_wconf 73' lang='grc' dir='ltr'><em>ἵνα</em></span> <span class='ocrx_word' id='word_1_306' title='bbox 945 4060 1073 4144; x_wconf 77' lang='grc' dir='ltr'><em>γένηται</em></span> <span class='ocrx_word' id='word_1_307' title='bbox 1083 4055 1191 4144; x_wconf 83' lang='grc' dir='ltr'><em>πρώτη</em></span> <span class='ocrx_word' id='word_1_308' title='bbox 1205 4055 1369 4136; x_wconf 69' lang='grc' dir='ltr'><em>συζυγία...</em></span> 
     </span>
    </p>
   </div>
   <div class='ocr_carea' id='block_1_5' title="bbox 217 4210 1371 4558">
    <p class='ocr_par' dir='ltr' id='par_1_6' title="bbox 217 4210 1371 4558">
     <span class='ocr_line' id='line_1_37' title="bbox 218 4210 1371 4288; baseline -0.001 -20"><span class='ocrx_word' id='word_1_309' title='bbox 218 4210 394 4288; x_wconf 69' lang='grc' dir='ltr'><em>ὁνομάζοινῦ</em></span> <span class='ocrx_word' id='word_1_310' title='bbox 467 4215 494 4268; x_wconf 81' lang='grc'><em>7.</em></span> <span class='ocrx_word' id='word_1_311' title='bbox 514 4213 698 4286; x_wconf 67' lang='grc' dir='ltr'><em>προοβολάςῦ</em></span> <span class='ocrx_word' id='word_1_312' title='bbox 735 4218 761 4270; x_wconf 83' lang='lat'><em>7.</em></span> <span class='ocrx_word' id='word_1_313' title='bbox 781 4233 840 4288; x_wconf 76' lang='lat' dir='ltr'><strong>sqq.</strong></span> <span class='ocrx_word' id='word_1_314' title='bbox 861 4212 905 4271; x_wconf 79' lang='lat' dir='ltr'><em>Cf.</em></span> <span class='ocrx_word' id='word_1_315' title='bbox 925 4212 1001 4269; x_wconf 70' lang='lat' dir='ltr'>Ten.</span> <span class='ocrx_word' id='word_1_316' title='bbox 1021 4215 1039 4270; x_wconf 91' lang='grc'><em>1.</em></span> <span class='ocrx_word' id='word_1_317' title='bbox 1056 4213 1074 4268; x_wconf 94' lang='grc' dir='ltr'><em>Ι.</em></span> <span class='ocrx_word' id='word_1_318' title='bbox 1089 4231 1113 4268; x_wconf 85' lang='grc' dir='ltr'><em>ο.</em></span> <span class='ocrx_word' id='word_1_319' title='bbox 1126 4214 1171 4269; x_wconf 83' lang='grc'><em>35.</em></span> <span class='ocrx_word' id='word_1_320' title='bbox 1244 4213 1271 4268; x_wconf 85' lang='grc'><em>8.</em></span> <span class='ocrx_word' id='word_1_321' title='bbox 1291 4213 1371 4285; x_wconf 80' lang='grc' dir='ltr'><em>ἄρχὲ-</em></span> 
     </span>
     <span class='ocr_line' id='line_1_38' title="bbox 217 4303 1369 4383; baseline -0.004 -22"><span class='ocrx_word' id='word_1_322' title='bbox 217 4304 310 4383; x_wconf 83' lang='grc' dir='ltr'><em>γονον]</em></span> <span class='ocrx_word' id='word_1_323' title='bbox 326 4305 510 4379; x_wconf 80' lang='grc' dir='ltr'><em>δρχαιόγονον</em></span> <span class='ocrx_word' id='word_1_324' title='bbox 524 4303 584 4361; x_wconf 80' lang='lat' dir='ltr'><em>cM</em></span> <span class='ocrx_word' id='word_1_325' title='bbox 656 4309 737 4362; x_wconf 84' lang='grc'><em>9.10.</em></span> <span class='ocrx_word' id='word_1_326' title='bbox 758 4305 872 4362; x_wconf 78' lang='grc' dir='ltr'><em>ὓσοίσίι</em></span> <span class='ocrx_word' id='word_1_327' title='bbox 888 4306 993 4361; x_wconf 71' lang='lat' dir='ltr'><strong>inclusa</strong></span> <span class='ocrx_word' id='word_1_328' title='bbox 1005 4324 1039 4361; x_wconf 82' lang='lat' dir='ltr'><em>ex</em></span> <span class='ocrx_word' id='word_1_329' title='bbox 1054 4303 1169 4360; x_wconf 74' lang='lat' dir='ltr'><strong>Irenaeo</strong></span> <span class='ocrx_word' id='word_1_330' title='bbox 1183 4304 1369 4376; x_wconf 74' lang='lat' dir='ltr'>uupplevimus</span> 
     </span>
     <span class='ocr_line' id='line_1_39' title="bbox 220 4392 1368 4469; baseline 0 -21"><span class='ocrx_word' id='word_1_331' title='bbox 220 4395 262 4450; x_wconf 84' lang='lat'><em>12.</em></span> <span class='ocrx_word' id='word_1_332' title='bbox 282 4392 444 4467; x_wconf 70' lang='grc' dir='ltr'><em>τύπῳσσιῦ</em></span> <span class='ocrx_word' id='word_1_333' title='bbox 522 4397 560 4450; x_wconf 84' lang='grc'><em>13.</em></span> <span class='ocrx_word' id='word_1_334' title='bbox 581 4393 775 4469; x_wconf 80' lang='grc' dir='ltr'><em>ἄνωνύμαστον</em></span> <span class='ocrx_word' id='word_1_335' title='bbox 792 4393 855 4450; x_wconf 85' lang='lat' dir='ltr'><em>CM</em></span> <span class='ocrx_word' id='word_1_336' title='bbox 930 4399 971 4452; x_wconf 86' lang='grc'><em>16.</em></span> <span class='ocrx_word' id='word_1_337' title='bbox 981 4397 1065 4469; x_wconf 73' lang='grc' dir='ltr'><em>σιγῆς]</em></span> <span class='ocrx_word' id='word_1_338' title='bbox 1077 4392 1198 4468; x_wconf 74' lang='grc' dir='ltr'><em>γῆςΕΜ</em></span> <span class='ocrx_word' id='word_1_339' title='bbox 1265 4395 1368 4448; x_wconf 87' lang='grc'><em>16.17.</em></span> 
     </span>
     <span class='ocr_line' id='line_1_40' title="bbox 220 4482 1370 4558; baseline -0.001 -21"><span class='ocrx_word' id='word_1_340' title='bbox 220 4484 323 4538; x_wconf 79' lang='grc' dir='ltr'><em>Πολλαλ</em></span> <span class='ocrx_word' id='word_1_341' title='bbox 347 4513 382 4526; x_wconf 92' lang='grc'><strong>-</strong></span> <span class='ocrx_word' id='word_1_342' title='bbox 401 4483 522 4557; x_wconf 80' lang='grc' dir='ltr'><em>γνώμυι]</em></span> <span class='ocrx_word' id='word_1_343' title='bbox 545 4483 631 4540; x_wconf 70' lang='grc' dir='ltr'><em>Ἄλλοι</em></span> <span class='ocrx_word' id='word_1_344' title='bbox 647 4484 676 4539; x_wconf 73' lang='grc' dir='ltr'><em>δι’</em></span> <span class='ocrx_word' id='word_1_345' title='bbox 694 4483 755 4557; x_wconf 67' lang='grc' dir='ltr'><em>περὶ</em></span> <span class='ocrx_word' id='word_1_346' title='bbox 773 4485 914 4540; x_wconf 74' lang='grc' dir='ltr'><em>αὐτοῦτοῦ</em></span> <span class='ocrx_word' id='word_1_347' title='bbox 931 4485 1019 4556; x_wconf 80' lang='grc' dir='ltr'><em>βυθοῦ</em></span> <span class='ocrx_word' id='word_1_348' title='bbox 1037 4483 1197 4555; x_wconf 73' lang='grc' dir='ltr'><em>ἀδιαφόροις</em></span> <span class='ocrx_word' id='word_1_349' title='bbox 1214 4482 1370 4558; x_wconf 74' lang='grc' dir='ltr'><em>κινούμενοι</em></span> 
     </span>
    </p>
   </div>
   <div class='ocr_carea' id='block_1_6' title="bbox 0 0 1536 4988">
    <p class='ocr_par' dir='ltr' id='par_1_7' title="bbox 0 0 1536 4988">
     <span class='ocr_line' id='line_1_41' title="bbox 0 0 1536 4988; baseline 0 0"><span class='ocrx_word' id='word_1_350' title='bbox 0 0 1536 4988; x_wconf 95' lang='lat' dir='ltr'><em> </em></span> 
     </span>
    </p>
   </div>
  </div>
 </body>
</html>
