3056 4970
599 290 763 352 rennuis.
1220 284 1281 353 185

135 477 207 524 rum
230 477 298 524 oum
321 459 424 543 pruris
449 465 606 524 vocamen.
651 459 851 542 Appellamus
864 460 958 544 igitur
977 459 1140 543 toparchas
1155 467 1186 524 et
1204 479 1282 544 pro-

137 567 237 630 astios
268 572 300 629 et
326 567 384 631 alie
411 566 538 649 piurima
566 569 690 632 nomino
719 565 935 650 contingentes
965 568 1023 633 sibi
1046 587 1109 633 non
1131 569 1282 652 suppedi-

139 675 246 760 tsntis,
269 673 326 739 sed
350 673 576 758 astrologorum
601 693 723 740 omnem
747 674 786 738 de
808 675 902 738 stetiis
922 676 1170 759 imaginationem
1188 695 1283 761 prae-

139 788 190 845 ter
212 787 309 846 entem
331 783 363 846 in
387 789 481 847 artem
505 782 702 868 redigentes,
726 783 829 868 magni
853 784 967 847 erroris
989 784 1146 848 materiem
1170 801 1284 867 supcr-

138 887 334 974 inducentes,
364 897 573 975 ooarguentur
599 908 654 972 per
681 896 816 955 nostram
848 889 1036 954 industriam.
1095 889 1322 975 componnmso

140 997 224 1062 enim
250 997 447 1080 supradictae
479 997 661 1062 chaldaicae
691 999 749 1063 arti
780 997 926 1062 nonnulla
955 997 1165 1062 Peratieorum
1194 1016 1285 1063 cour-

140 1111 325 1186 mentorum,
349 1105 432 1170 unde
454 1106 558 1170 iicebit
578 1103 713 1170 instituta
737 1106 968 1188 comparatione
990 1107 1178 1192 perspicere,
1201 1123 1284 1188 quo·

140 1210 236 1278 modo
258 1213 397 1278 Peratice
421 1214 558 1278 doctdne
580 1213 746 1296 astrologis
769 1221 874 1295 aperte
897 1211 1056 1296 debeatur,
1080 1230 1142 1276 non
1155 1213 1286 1279 (timeto.

232 1316 281 1382 14.
326 1321 429 1384 Visum
456 1329 504 1386 est
531 1322 627 1405 igitur
654 1339 814 1404 apponere
841 1339 934 1384 unum
959 1322 1090 1404 aliquem
1114 1339 1222 1386 eorum
1244 1321 1287 1386 ii·

143 1426 283 1513 brorum,
307 1429 358 1511 qui
380 1430 417 1493 iis
438 1429 599 1512 approbati
622 1435 708 1512 sunt,
730 1430 762 1492 in
785 1445 847 1510 quo
871 1427 958 1492 dicit:
989 1429 1057 1511 Epo
1086 1449 1151 1494 coe
1171 1437 1324 1512 ceper-oe

141 1533 329 1616 pefectionis
347 1537 380 1599 in
395 1553 473 1622 neco
489 1537 597 1600 nuens.
645 1537 694 1598 De
715 1537 835 1618 retipsso
857 1537 1006 1600 exordior
1026 1537 1147 1602 nodare
1167 1554 1188 1600 σ
1209 1536 1287 1600 cinno

142 1643 365 1706 redundantem
383 1651 574 1724 potestatem.
617 1643 756 1706 Potestas
778 1644 832 1706 insi
852 1643 943 1722 [andi
963 1644 1083 1707 sordidi
1105 1643 1287 1706 tardassenti

143 1749 247 1812 iisssrrn
275 1769 395 1813 menna
422 1759 552 1832 portans
581 1751 751 1832 incorrepti
779 1750 874 1814 triani
896 1751 1051 1832 uliginosi,
1080 1752 1288 1816 cononi-rionis

142 1855 291 1920 nnioemn
300 1865 438 1938 potestus
451 1859 595 1940 aquatico
612 1859 716 1922 colore
722 1903 732 1935 ,
757 1874 876 1938 semper
887 1857 1018 1931 mediiis,
1039 1858 1144 1937 serens
1156 1877 1287 1921 monen-

143 1964 201 2040 sta,
224 1964 369 2028 codidens
391 1968 562 2044 trernemio,
586 1965 748 2030 mecinense
770 1967 885 2044 enntim
911 1965 1017 2030 Ισσσσσ
1036 1967 1202 2044 monentia,
1226 1967 1326 2029 toi-ro

142 2072 211 2134 iens
233 2074 445 2154 capescenda,
467 2074 533 2154 lide
554 2074 766 2155 ἀίσρσσσσεσίσ
791 2074 915 2154 vestigii
942 2083 1061 2152 odram,
1090 2074 1238 2136 metetis
1268 2090 1289 2136 σ

142 2169 304 2242 &edemus
326 2181 425 2243 ocntis
446 2181 645 2244 iniunctionis
664 2180 782 2259 fruens,
803 2179 938 2262 sigilium
948 2179 1151 2259 manifestans
1174 2181 1288 2261 odpo-

143 2292 284 2348 testatem
302 2305 370 2350 cons
391 2289 432 2350 iis
454 2288 680 2378 &meseonem
701 2305 865 2369 opnomns,
888 2307 968 2370 pane
990 2287 1180 2368 inferantur,
1201 2288 1288 2352 inei-

142 2391 288 2470 siditiom,
311 2401 424 2458 noento
446 2401 494 2456 est
514 2394 672 2462 Tdolnssn.
718 2393 808 2456 itone
825 2403 1007 2476 potestatem
1027 2396 1207 2476 ignorantis
1226 2412 1288 2459 eo-

144 2499 231 2562 ceait
252 2500 395 2578 cresum,
417 2501 550 2566 vincetis
571 2501 762 2577 custoditum,
786 2502 930 2582 penninos
951 2501 1182 2583 constrinpedot
1201 2519 1329 2570 cons-ro

140 2605 256 2688 piceas
278 2607 365 2671 densi
386 2615 418 2670 et
436 2607 575 2672 mdnbsi
596 2609 684 2672 caeci
707 2607 890 2672 tenebricosi
912 2611 1032 2672 tortori.
1084 2609 1182 2673 Hosius
1204 2610 1288 2676 eeti-

143 2722 249 2777 ternnt
269 2715 313 2778 ad
332 2716 497 2797 imopinens
526 2715 678 2796 Cepheus,
712 2715 923 2794 Prometheos,
956 2717 1087 2799 inpetres.
1141 2716 1289 2793 Potestas,

147 2822 201 2884 esi
223 2823 401 2886 concredita
422 2831 469 2886 est
490 2824 657 2902 Tdetosso,
687 2841 754 2886 mas
776 2831 807 2885 et
826 2821 958 2902 sesninc,
989 2841 1068 2906 pane
1098 2829 1289 2886 enascentesn

146 2927 270 2992 sidiism
297 2929 500 2993 odnodecins
522 2929 627 2994 enidos
649 2930 808 2993 duodecim
831 2929 946 2994 tidioiis
969 2937 1108 3011 optatura
1132 2927 1289 3010 diffundit,
1346 3001 1351 3012 ¹

145 3037 247 3100 seam
267 3044 379 3100 nonno
400 3055 459 3100 sao
482 3044 514 3099 et
534 3037 643 3100 totiens
665 3038 847 3100 detimnmsn
867 3037 1072 3101 oedernentens
1090 3037 1330 3118 onopinorens,so

147 3149 181 3206 et
205 3143 350 3225 odsipnct
377 3146 553 3207 semiternrn
581 3145 651 3208 cies
675 3146 758 3221 eins,
790 3145 835 3208 ed
853 3163 916 3207 non
937 3143 1109 3207 bellendem
1131 3153 1186 3207 cart
1206 3161 1291 3207 corn-

147 3252 323 3316 mnndum
344 3298 353 3315 .
378 3301 385 3316 .
409 3300 417 3315 .
440 3253 507 3328 eins
526 3253 595 3332 filio
616 3251 780 3334 typhonico
803 3253 905 3332 tidelis
926 3259 1028 3314 custos
1050 3269 1201 3334 epnorcsn
1222 3269 1291 3315 ons·

146 3359 338 3440 nipenurnm.
389 3358 507 3423 Nomen
542 3360 608 3422 eins
634 3359 781 3422 Cdorsnr.
842 3358 930 3422 iionc
962 3359 1141 3440 ignorantie
1168 3360 1295 3423 encoeit

147 3465 333 3548 Neptitana,
356 3467 443 3530 coins
465 3467 509 3530 od
528 3467 696 3548 insopinenn
717 3466 821 3528 extitit
841 3467 991 3545 Gioncsss,
1014 3466 1202 3544 Melicertes,
1224 3468 1291 3546 Ino,

150 3621 212 3659 nem
231 3603 393 3660 medicinam
412 3613 544 3678 respuant
664 3606 707 3660 90.
733 3604 817 3659 idion
835 3600 858 3659 C
875 3601 906 3660 Μ
1027 3607 1072 3662 99.
1097 3606 1223 3662 Θάλασσα
1248 3603 1291 3661 ct.

149 3693 249 3752 Berosi
269 3699 421 3752 Obsideecr.
437 3699 501 3753 diist.
513 3717 578 3768 pesse
589 3709 723 3769 snpersssrst
733 3701 772 3752 ed.
791 3699 930 3771 nenmp.
942 3699 986 3754 49.
997 3699 1047 3754 5οε
1085 3703 1213 3754 Γενέσθαι
1230 3699 1295 3770 φησὶ
1314 3725 1325 3736 -

145 3789 263 3864 χρόνον,
289 3791 318 3845 is
336 3781 357 3862 ᾧ
375 3789 403 3844 si
420 3789 475 3844 πᾶν
492 3788 645 3852 miserenti
664 3785 738 3862 ὕδωρ
756 3792 840 3854 eires,
865 3789 913 3844 sni
932 3793 960 3845 is
977 3791 1076 3854 sneisanc
1093 3791 1147 3855 Coie
1164 3791 1293 3865 separator,

148 3884 281 3954 ἰδιοφυεῖς
306 3885 354 3954 (nt.
380 3883 523 3954 sidsposir,
550 3885 586 3938 si.
610 3881 728 3953 διφυεῖς)
748 3920 755 3936 .
774 3919 782 3936 .
801 3920 808 3936 .
827 3920 833 3936 .
854 3921 888 3935 ..
915 3882 1009 3956 ἄρχειν
1026 3883 1055 3938 di
1073 3881 1171 3938 reims
1187 3885 1294 3940 πάντων

148 3979 266 4047 γυναῖκα
285 3965 302 4048 ᾖ
321 3974 410 4046 ὄνομα
425 3973 585 4047 ’opso'psss
604 3977 652 4046 (ui.
668 3973 829 4048 ’opsopoim
856 3977 891 4029 ut.
910 3971 1056 4048 Maroaiej·
1088 3978 1158 4031 etuas
1175 3975 1204 4030 di
1222 3976 1294 4031 miss

148 4065 479 4139 xmdoenertpireetds
490 4071 522 4131 o,
538 4065 685 4132 Ἑλληνιστὶ
701 4065 730 4121 dt
747 4065 993 4139 psdsppsarssisedns
1011 4068 1161 4122 deiicere
1180 4069 1229 4138 (ni.
1242 4064 1295 4121 dei-

148 4159 262 4229 samm·
288 4158 354 4212 sarri
371 4158 400 4213 δὲ
419 4158 555 4228 ἰσόψηφον
572 4157 662 4224 σελήνη
681 4159 730 4229 (et.
753 4157 814 4226 esa).
852 4154 895 4212 Cf.
914 4159 948 4212 D.
967 4161 1101 4214 Friedrich
1119 4162 1221 4213 Meister
1239 4161 1293 4212 ne-

147 4251 228 4321 spon
247 4251 293 4302 nr
311 4250 478 4320 oscenses,
499 4249 673 4320 naming„
693 4249 773 4302 iser.
793 4265 820 4320 p.
840 4249 1117 4314 se-nn,eno.1n
1141 4251 1168 4300 o.
1188 4249 1295 4312 naen,

153 4343 195 4400 siis
212 4341 347 4396 Pienisier
370 4337 449 4396 Toou.
468 4337 491 4394 1.
515 4357 543 4417 p.
562 4339 703 4400 tofi-eo
816 4339 843 4394 2.
868 4339 923 4412 roi]
941 4337 1023 4409 siprG
1137 4341 1164 4396 6.
1191 4335 1218 4410 ἢ]
1237 4334 1293 4406 ἢῦ

147 4434 175 4494 7.
195 4429 345 4508 duginnai]
