3002 4958
464 363 471 372 ·
509 347 708 408 ASllebOlil.
740 349 946 408 remotioni.
1258 344 1299 406 65

147 512 225 574 alias
248 527 299 574 res
321 505 512 579 meminimus
535 512 618 598 eius,
648 533 711 578 non
734 517 858 596 proprie
896 513 935 580 ob
959 514 1065 595 ipsam.
1117 511 1178 575 Sed
1208 518 1300 594 post-

148 635 241 699 quam
275 619 466 700 propositum
500 618 555 682 luit
593 619 668 683 nibil
708 639 749 683 ex
778 621 907 702 placitis¹
927 599 1119 682 ethnicorum
1157 619 1299 681 omittere

148 731 278 807 propter
300 725 492 788 multisonam
516 725 692 790 haeresium
715 729 897 812 versutiam,
921 727 1078 792 videamus
1102 726 1173 807 qnid
1198 725 1299 814 dicant

148 833 239 895 etiam
263 832 300 912 ii,
325 833 376 914 qni
400 831 441 894 de
464 833 724 916 magnitudinibus
748 834 910 916 periclitati
923 841 994 898 sunt
1016 835 1129 916 dicere,
1153 835 1204 914 qui
1221 851 1298 913 per·
1360 849 1363 855 ’

148 943 258 1019 specto
281 935 480 1028 plurimorum
502 956 585 1002 vano
614 937 737 1020 labore,
774 957 841 1000 cum
876 938 953 1002 alius
984 937 1078 1018 aliter,
1100 939 1244 1000 mentitus
1268 943 1333 1002 ctas

146 1043 355 1108 celebritatem
378 1050 486 1108 nactus
507 1050 609 1129 esset,
641 1047 737 1108 mains
765 1043 836 1128 qnid
860 1047 963 1109 conati
987 1051 1058 1110 sunt
1081 1044 1203 1126 eloqui,
1234 1063 1296 1126 qno

148 1149 187 1212 ab
212 1151 265 1234 iis,
289 1151 341 1232 qui
364 1169 457 1231 parva
482 1141 641 1214 mendacia
666 1151 998 1236 magnificis'laudibus
1014 1133 1204 1234 extulissent,
1226 1170 1296 1214 ma·

146 1257 265 1320 iuribus
293 1255 487 1322 elierrentur.
552 1257 588 1322 lli
618 1257 712 1322 orbes
748 1268 779 1323 et
806 1277 968 1323 mensuras
1001 1259 1236 1342 triangulosque
1265 1265 1297 1320 et

149 1363 382 1448 quadrangulos
404 1363 558 1447 duplaque
581 1373 615 1428 et
635 1364 724 1448 tripla
747 1373 875 1448 ponunt.
921 1365 1033 1430 llultus
1057 1371 1157 1432 autern
1180 1365 1221 1430 de
1237 1364 1295 1428 bac

146 1489 183 1533 re
204 1489 308 1534 sermo
332 1477 389 1555 est,
412 1471 468 1536 sed
482 1477 515 1536 ut
539 1469 578 1538 ad
590 1467 779 1555 propositum
803 1480 940 1537 nostrum
957 1475 1075 1537 nonsit
1091 1474 1332 1544 necessarimm

233 1575 265 1641 8.
310 1577 461 1643 sufficere
495 1579 589 1662 igitur
614 1580 748 1643 arbitror
771 1597 932 1661 exponere
962 1565 1042 1660 qnae
1070 1581 1121 1644 isti
1153 1585 1296 1662 portenta

147 1682 326 1765 loquuntur.
371 1685 577 1760 Quamobrem
602 1703 676 1752 usus
701 1687 844 1768 epitomis
867 1701 976 1750 eorum
999 1703 1080 1767 quae
1102 1686 1161 1768 ipsi
1183 1685 1297 1749 docent

149 1789 188 1853 ad
213 1809 250 1853 ea
278 1809 359 1874 qnae
381 1792 500 1876 reliqua
522 1801 594 1858 sunt
616 1813 665 1858 me
689 1799 876 1858 convertam.
931 1793 1053 1856 Docent
1082 1798 1182 1856 antem
1205 1791 1296 1855 baec:

151 1899 357 1983 Principatum
382 1900 466 1964 dedit
489 1901 595 1984 opiiex
623 1901 726 1965 mundi
750 1900 888 1966 eiusdem
910 1901 1005 1982 ipsius
1027 1899 1195 1982 similisque
1214 1917 1294 1963 con·

147 2008 302 2099 versioni3
327 2026 394 2071 eam
417 2009 656 2092 namqnesolam
679 2006 840 2072 indivisam
861 2005 993 2092 reliquit,
1016 2008 1193 2072 interiorem
1207 2023 1331 2092 ,verona

149 2131 219 2176 cnm
241 2115 345 2177 series
369 2102 531 2198 divisisset,
553 2121 734 2198 septemque
758 2113 851 2179 orbes
872 2113 1052 2197 inaequales
1075 2113 1156 2198 dupli
1168 2123 1199 2180 et
1211 2112 1292 2203 tripli

150 2219 319 2283 intervallis
342 2221 516 2304 cllecisset,
537 2220 674 2308 singula,
697 2241 766 2286 cum
789 2223 847 2286 tria
875 2222 937 2288 sint
956 2223 1133 2306 utriusque,
1163 2228 1293 2286 contra-

147 2327 201 2389 n‘is
224 2329 304 2390 inter
326 2347 363 2390 se
385 2327 526 2392 cursibus
549 2329 642 2394 orbes
665 2346 821 2413 peragere
842 2330 946 2394 iussit:
977 2335 1008 2392 et
1022 2345 1071 2392 -ex
1100 2333 1225 2410 septem
1240 2329 1293 2396 in·.

148 2433 313 2498 terionbus
334 2442 399 2516 tres
422 2436 544 2519 quidem
576 2437 642 2519 pari
666 2421 844 2524 celeritate,
877 2441 1022 2520 quattuor
1044 2435 1120 2499 verb
1142 2441 1175 2498 ct
1196 2434 1236 2498 ad
1257 2454 1293 2500 se

149 2547 179 2603 et
201 2541 239 2604 ad
253 2541 399 2623 reliquos
421 2551 485 2607 tres
513 2531 679 2622 cele'ritatcj
703 2542 975 2628 quidem-lntpari,
1010 2543 1089 2605 iusta
1111 2548 1212 2605 tamen
1237 2557 1331 2614 ra-ao

147 2649 234 2710 tione
257 2651 407 2713 converti.
465 2649 669 2732 Principalem
697 2649 790 2734 igitur
812 2649 913 2713 datum
944 2663 1016 2712 esse
1039 2646 1175 2712 eiusdem
1198 2647 1294 2728 ipsius

145 2754 347 2818 conversioni
370 2755 426 2840 ait,
458 2775 521 2819 non
545 2755 644 2820 solum
668 2759 814 2838 quoniam
835 2755 973 2819 continet
1001 2751 1127 2817 alterius
1156 2769 1294 2816 conver·

144 2861 286 2941 sionem,
308 2859 377 2925 boc
394 2868 442 2926 est
464 2863 566 2928 stellas
590 2865 757 2948 erraticas,
777 2861 834 2930 sed
858 2863 929 2944 qnia
952 2863 1042 2924 etiam
1065 2867 1179 2926 lantum
1202 2859 1295 2924 babet

142 2966 358 3050 principatum,
380 2965 442 3032 boc
456 2975 504 3032 est
516 2975 629 3034 tantam
645 2971 714 3052 vim,
737 2967 832 3034 utvel
850 2985 929 3050 quaa
946 2967 976 3031 in
991 2965 1151 3031 adversam
1167 2973 1294 3049 partem,

145 3071 208 3166 boc
229 3080 276 3135 est
290 3075 452 3161 erraticae,
475 3076 513 3140 ab
531 3093 648 3141 occasu
670 3075 708 3139 ad
729 3061 880 3140 orientem
899 3079 1060 3140 vertuntur
1074 3065 1330 3155 ipsas'propriata

148 3179 288 3262 potentia
311 3182 426 3262 pariter
449 3183 539 3247 etiam
562 3183 599 3246 ab
622 3189 692 3248 ortu
714 3181 754 3247 nd
769 3201 921 3248 occasum
945 3199 1051 3246 secum
1073 3197 1134 3245 una
1157 3181 1292 3245 circum-

147 3293 230 3368 agat.
284 3286 380 3351 Unam
403 3295 504 3354 antem
528 3307 595 3353 eam
628 3297 660 3354 ct
681 3290 842 3354 indivisam
874 3289 1010 3352 relictam
1046 3301 1118 3352 essa
1149 3283 1293 3350 aitbanc

148 3393 410 3478 conversionem,
427 3397 555 3477 primurn
578 3396 701 3478 quidem
724 3397 796 3479 qnia
819 3397 952 3460 omnium
985 3391 1115 3458 lixarum
1137 3392 1291 3458 stellarum

146 3501 210 3578 pari
233 3503 381 3582 temporis
402 3501 565 3566 intervallo
587 3501 661 3564 bunt
684 3505 909 3568 conversiones
931 3508 964 3564 et
983 3517 1047 3564 non
1063 3499 1215 3563 discretae
1236 3513 1292 3560 se-

147 3605 281 3670 cundum
304 3610 432 3691 amptius
454 3610 502 3673 vet
524 3609 650 3674 brevius
679 3617 813 3695 tempus,
848 3605 963 3672 deindo
993 3607 1063 3688 quia
1093 3619 1208 3668 omncs·
1231 3602 1329 3667 ba·to

146 3712 221 3776 beot
244 3714 376 3779 eandem
400 3719 626 3800 apparentiam,
649 3735 729 3799 quae
754 3721 802 3780 est
824 3713 958 3778 extimae
981 3709 1214 3793 conversionis,
1237 3727 1292 3770 er-

145 3821 263 3884 raticae
286 3827 388 3886 autem
411 3830 442 3886 et
463 3825 494 3886 in
517 3831 656 3906 tempora
680 3823 767 3904 plura
793 3827 826 3886 et
848 3819 971 3886 diversa
999 3819 1238 3882 conversionum
1262 3823 1293 3879 et

144 3926 175 3987 in
200 3925 361 3994 distantias
385 3949 403 3995 a
426 3937 509 3994 terra
531 3929 712 4012 inaequales
742 3929 863 3994 divisae
892 3932 973 3992 sunt.
1026 3923 1160 3990 Alterius
1192 3929 1292 3986 antem

145 4035 386 4101 conversionem
418 4039 460 4102 ait
491 4037 658 4102 sextariam
678 4039 710 4101 in
732 4039 852 4118 septen
889 4033 981 4098 orbas
1015 4031 1178 4096 dissectam
1207 4046 1291 4096 esse:

142 4209 208 4264 init:
227 4227 272 4266 om
292 4209 314 4267 C
449 4217 493 4271 29.
513 4211 664 4289 dpsolonrc
791 4213 836 4266 ³0.
859 4209 1000 4282 ἀνομοίοις
1019 4206 1040 4262 C
1148 4207 1192 4260 31.
1212 4221 1294 4274 φερο·

143 4305 235 4374 μὴν
252 4301 274 4358 C
371 4307 416 4362 ³4.
437 4313 490 4370 mic
506 4310 549 4363 lul
566 4303 628 4364 CM
699 4307 744 4362 36.
764 4301 939 4376 σνμπερκέγει
954 4299 977 4356 C
991 4297 1021 4356 bl
1093 4299 1138 4352 37.
1159 4299 1184 4352 ai
1197 4295 1293 4348 ἰᾶσθαι

143 4387 165 4447 C
183 4389 214 4446 Π
339 4398 434 4465 nicar
449 4400 503 4468 τὴν]
522 4399 614 4465 rcu'rrpr
632 4395 654 4452 C
672 4395 701 4451 Μ
810 4397 855 4448 40.
876 4395 972 4464 lyam
990 4389 1012 4448 C
1128 4389 1173 4444 44.
1192 4383 1293 4462 μᾳνάδι

141 4487 224 4540 ululo
251 4484 411 4558 Roepmr
436 4491 556 4564 μονάδες
580 4491 649 4561 Myos
667 4488 689 4543 C
708 4487 736 4542 Μ

986 4581 1006 4640 5
