3052 4984
659 376 821 438 HARGION.
1222 379 1286 444 385

135 531 340 615 Empedocles
361 533 401 600 de
425 537 528 602 mundi
551 541 841 606 administratione?
886 542 1012 608 Etiamsi
1034 552 1124 610 antea
1142 543 1329 632 dirimuaat·

139 646 241 703 tamen
268 643 442 706 etiamnunc
464 645 496 708 in
517 649 779 730 comparationem
807 648 978 713 haereseos
1007 649 1140 715 huminis
1169 654 1288 718 doctri-

139 765 210 811 nam
231 767 318 814 suam
341 751 481 816 suffurati
515 773 578 819 non
609 755 775 823 silebimus.
827 757 884 821 Hic
915 759 1016 823 omnia
1047 759 1217 846 elementa,
1246 782 1286 826 ex

138 855 249 938 quibus
272 857 401 922 mundus
431 863 566 927 constitit
596 870 627 928 et
655 872 756 950 extat,
790 881 847 928 sex
874 883 945 930 esso
976 865 1036 950 ait,
1065 882 1193 945 quorum
1223 865 1284 931 duo

136 963 405 1052 sternutatione,
428 976 542 1034 terram
567 980 599 1036 et
620 991 739 1057 aquam,
764 971 825 1036 duo
850 980 952 1038 autem
975 971 1189 1056 instrumenta,
1212 975 1285 1055 qui-

137 1069 194 1134 bus
217 1073 386 1138 materialia
414 1075 603 1143 instruentur
633 1087 664 1144 et
692 1088 931 1165 commutentur,
969 1081 1073 1162 ignem
1110 1086 1139 1143 ct
1170 1087 1322 1167 adrem,tu

138 1177 200 1242 duo
224 1186 326 1245 autem
354 1201 435 1263 quae
465 1193 636 1268 operentur
667 1187 876 1252 instrumentis
907 1190 1065 1252 materiem
1095 1194 1127 1253 et
1155 1187 1285 1272 dispen-

136 1293 223 1370 sent,
247 1285 432 1354 discordiam
455 1300 487 1357 et
508 1295 688 1379 amicitiam,
712 1315 781 1361 cum
807 1296 881 1361 dicit
902 1297 948 1362 sic
972 1297 1058 1361 iere:

247 1395 400 1473 Ouuttuot·
421 1400 637 1464 uniuersorum
659 1403 786 1467 radices
804 1406 937 1488 primum
960 1403 1056 1466 cudi:

243 1501 381 1585 Iuppiter
403 1505 549 1591 [lucidos]
571 1510 709 1592 Iunoque
730 1511 814 1573 olma
835 1517 867 1573 ct
888 1509 1045 1574 Aidoneus

242 1609 406 1694 Nestispue
428 1633 508 1696 poue
529 1616 668 1680 lacrimis
689 1615 846 1680 domectct
865 1617 1085 1698 scoturipicem
1111 1613 1322 1682 monumen

136 1713 271 1796 iuppiter
294 1725 341 1782 cst
363 1719 460 1806 ignis,
493 1721 570 1787 luno
601 1731 701 1787 autem
733 1721 811 1788 alma
839 1730 940 1808 terra,
975 1742 1055 1805 quae
1089 1721 1151 1787 iert
1180 1721 1285 1805 fruges

137 1822 175 1885 ad
197 1825 308 1888 victum
332 1831 543 1915 necessarias,
572 1828 735 1896 Aidoneus
765 1837 866 1894 autem
902 1839 972 1912 aer,
1005 1829 1151 1913 quoniam
1182 1829 1283 1892 omnia

135 1949 193 2014 per
216 1951 285 1997 eum
308 1933 447 2000 videntes
470 1937 568 2020 ipsum
592 1958 655 2004 non
679 1937 903 2020 conspicimus,
933 1935 1035 2001 Nestis
1066 1942 1167 2000 autem
1191 1952 1286 2015 aqua3

135 2041 234 2106 solum
257 2043 338 2106 enim
362 2044 423 2109 huc
445 2041 637 2128 vehiculum,
674 2046 757 2127 quod
789 2045 987 2109 nutritionem
1017 2043 1112 2107 efficit
1143 2042 1180 2106 iis
1204 2060 1283 2124 quae

137 2148 274 2238 aluntur,
298 2170 367 2216 cunr
389 2154 487 2236 ipsum
510 2171 567 2236 per
596 2169 632 2216 se
662 2160 798 2237 nequeat
827 2154 942 2218 nutrire
973 2170 1011 2215 ea
1042 2169 1121 2233 quae
1152 2149 1307 2224 aluntur.1

135 2255 166 2319 st
188 2256 268 2318 enim
291 2258 436 2344 nutriret,
459 2259 575 2343 inquit,
598 2277 754 2343 nunquam
777 2259 857 2324 fame
881 2261 1110 2343 corriperentur
1133 2255 1283 2339 animalia,

136 2377 203 2425 cum
228 2381 306 2446 equa
327 2365 360 2428 in
382 2365 495 2430 mundo
519 2385 642 2450 semper
665 2365 811 2434 abundet.
863 2368 1033 2447 Propterea
1062 2361 1170 2428 Nestin
1193 2367 1285 2425 vocat

136 2487 262 2556 aquam,
286 2472 356 2555 quia
380 2492 448 2537 cum
472 2472 584 2538 efficiat
605 2475 802 2537 nutritionem
836 2471 953 2536 nutrire
981 2476 1116 2552 nequeat
1145 2488 1181 2532 ea
1205 2487 1285 2550 quae

135 2575 265 2641 aluntur.
309 2577 393 2641 Haec
416 2579 509 2662 igitur
531 2587 615 2664 sunt,
642 2587 676 2643 ut
698 2580 803 2662 primis
833 2577 1026 2641 lineamentis
1056 2573 1305 2657 adumbremus‚t

134 2700 214 2763 quae
237 2683 339 2746 mundi
362 2686 521 2748 continent
550 2687 725 2750 universam
755 2684 907 2767 speciem:
939 2700 1017 2763 aqua
1047 2687 1078 2742 et
1111 2688 1211 2766 terra,
1244 2699 1283 2742 ex

134 2788 244 2869 quibus
275 2807 313 2853 ea
343 2807 423 2872 quae
455 2801 638 2877 nascuntur,
673 2791 754 2877 ignis
786 2799 818 2854 et
846 2791 988 2872 spiritus,
1022 2785 1223 2852 instrumenta
1255 2794 1285 2849 et

135 2895 278 2978 agentia,
303 2895 457 2961 discordia
480 2905 582 2962 autem
612 2905 643 2961 ct
674 2898 827 2980 amicitia,
858 2915 894 2962 ea
923 2914 1004 2979 quae
1035 2901 1202 2976 operantur
1229 2911 1287 2976 per

134 3009 238 3064 artem.
283 3001 322 3065 Et
344 3003 477 3067 amicitia
508 3004 632 3086 quidem
663 3023 724 3087 pax
754 3003 905 3086 quaedam
933 3009 981 3066 est
1009 3006 1040 3063 et
1066 3001 1232 3064 consensio
1256 3006 1285 3062 et

133 3108 265 3190 caritas,
296 3127 377 3190 quae
400 3126 439 3173 eo
463 3111 588 3192 nititur,
623 3117 657 3173 ut
686 3129 765 3176 unus
801 3108 960 3194 perfectus
995 3111 1027 3169 et
1054 3114 1284 3169 consummatus
1294 3125 1322 3177 to

133 3213 172 3275 sit
200 3212 350 3294 mundus;
379 3215 535 3280 discordia
564 3223 666 3280 autem
699 3235 823 3301 semper
858 3215 999 3280 distrahit
1027 3231 1119 3276 unum
1145 3212 1228 3276 ilium
1253 3219 1285 3275 et

134 3320 245 3385 dirimit
267 3322 317 3386 vel
343 3322 445 3386 reddit
468 3341 507 3385 ex
530 3341 593 3386 uno
623 3322 726 3386 multa.
787 3324 842 3388 Est
873 3324 968 3404 igitur
1004 3320 1156 3384 discordie
1191 3335 1284 3383 causa

133 3429 269 3492 universi
304 3429 427 3512 mundi,
462 3449 553 3512 quarn
587 3431 630 3495 ait
658 3427 835 3512 οὐλόμενον
867 3446 953 3510 esse,
982 3427 1013 3492 id
1049 3434 1097 3492 est
1125 3428 1284 3510 pernicio-

132 3552 214 3615 sam;
250 3555 344 3601 curae
378 3539 457 3602 enim
482 3540 512 3602 ei
540 3543 604 3622 est,
634 3543 667 3600 ut
700 3537 830 3600 muudus
857 3553 914 3619 per
944 3552 1036 3599 omne
1066 3552 1175 3598 aevum
1202 3533 1283 3598 idem

132 3773 188 3852 ἦθ’]
208 3775 223 3842 ἦ
241 3773 311 3830 de'C
474 3778 519 3832 95.
538 3779 581 3851 γε]
600 3777 629 3832 δὲ
648 3777 719 3832 intra
738 3776 758 3831 1.
778 3775 797 3829 Ι.
960 3773 976 3841 ἢ
1000 3771 1138 3850 δακρύοις]
1164 3773 1285 3841 idoneis

132 3864 205 3922 inira
224 3868 243 3923 l.
262 3868 282 3925 1.
438 3866 533 3946 τέγγει]
552 3871 651 3924 morde
669 3867 730 3942 (sic)
749 3864 820 3922 inira
973 3863 1138 3938 μονρόγοον]
1160 3866 1284 3940 μοβρόν-

131 3978 187 4014 τιον
206 3957 286 4014 inira.
325 3957 447 4014 Sicinius
474 3978 507 4014 ex
532 3960 592 4015 aliis
619 3959 742 4015 fontibus
766 3973 876 4014 versum
901 3956 938 4011 itu
966 3957 1064 4012 edidit:
1093 3957 1188 4024 Νῆοος
1209 3958 1241 4011 θ’
1268 3957 1285 4024 ip*

132 4051 261 4124 δακρύοις
277 4053 362 4126 τέγγει
379 4052 526 4127 κρούνωμα
543 4051 679 4126 βρότειον,
705 4067 787 4125 quem
811 4049 858 4105 alii
883 4049 964 4103 aliter
988 4057 1175 4114 tentaverunt,
1199 4048 1285 4104 veluti

131 4139 165 4198 Β.
184 4139 315 4195 Briukiua
333 4142 362 4196 iu
380 4145 471 4198 Patet.
492 4141 528 4196 Vl
547 4161 574 4215 p.
595 4144 647 4198 730
665 4159 742 4216 aqq.:
763 4143 858 4210 Νῆονις
876 4139 1042 4210 dcoepudruca'
1061 4138 1082 4191 r'
1103 4140 1146 4192 dni
1162 4138 1285 4210 νροονῶν

9 4217 10 4226 ¹
131 4238 304 4308 μακρογοὸων
471 4235 516 4291 98.
534 4237 656 4305 βλέποτες
675 4231 696 4290 C
851 4233 875 4287 1.
891 4230 960 4287 καθ’
975 4229 1037 4285 oded
1057 4225 1078 4284 C
1192 4229 1218 4283 9.
1242 4230 1283 4283 tu.

130 4323 344 4403 ναιηροσμὲνον]
362 4330 573 4402 κοπνρπομὲνον
591 4323 627 4382 C:
645 4324 720 4380 Fert.
739 4325 786 4380 xci
802 4325 1007 4399 νονηρπομένον
1024 4319 1054 4376 Μ
1177 4319 1219 4374 tu.
1243 4322 1284 4376 tu.

131 4419 290 4494 odidpmor]
315 4417 357 4475 Cf.
380 4419 452 4476 iutra
477 4439 503 4494 p.
522 4422 585 4486 31³.
604 4421 639 4475 tt
663 4417 708 4474 ed.
728 4414 781 4473 01.
954 4417 996 4470 tt.
1030 4409 1104 4482 οὖνὴ]
1127 4407 1190 4478 cdv}
1215 4408 1284 4468 CM

132 4513 284 4586 οονοσοὴκμι
303 4514 438 4582 συνέστηκε
456 4511 478 4570 C
497 4511 526 4570 M

952 4607 993 4668 25
