3002 4958
575 301 785 361 enuntiatus.
1211 300 1252 364 25

195 463 367 528 Archelaus
390 465 486 546 stirpe
508 464 707 530 Atheniensis
733 468 811 532 filius
833 477 934 532 autem
959 467 1150 550 Apollodori.
1197 467 1251 530 llic

105 572 215 636 docuit
235 575 396 636 mixturam
419 575 568 637 materiae
591 574 791 654 consimiliter
812 576 1017 659 Anaxagorae
1041 577 1249 656 principiaque

107 677 222 740 eodem
243 677 351 762 modo,
375 676 424 740 hie
446 683 547 741 autem
564 681 593 742 in
607 688 710 742 mente
727 683 832 744 inesse
845 682 996 763 quandam
1007 686 1106 747 statim
1123 684 1249 746 mixtio-

107 803 189 848 nem.
234 785 314 848 lissa
337 794 439 850 autern
462 786 642 868 principium
666 796 768 852 motas
791 791 997 853 secretionem
1021 807 1039 852 a
1060 807 1096 854 se
1113 790 1203 854 calidi
1222 795 1289 852 etas

106 892 228 977 Trigiali,
251 901 283 957 ct
304 893 434 958 calidum
458 893 581 976 quidem
604 897 739 980 moveri,
770 895 914 980 frigidum
946 903 1047 960 autem
1078 897 1251 979 quiescere.

105 1001 316 1083 biquelactana
333 1007 434 1066 autem
447 1019 556 1084 aquam
579 1003 610 1065 in
633 1002 765 1066 medium
788 1003 957 1088 conlluere,
979 1005 1009 1067 in
1032 1021 1095 1085 quo
1113 1011 1250 1068 exustam

105 1115 214 1172 aerem
236 1109 302 1172 lieri
325 1117 357 1174 et
378 1117 511 1194 terram,
539 1129 668 1192 queam
691 1111 821 1176 alterum
844 1128 980 1192 superne
1003 1111 1092 1195 lerri,
1124 1113 1250 1176 alterum
1346 1105 1351 1116 '

106 1223 210 1280 autem
232 1216 404 1282 subsistere
433 1217 523 1281 inira.
578 1218 702 1282 Terram
735 1219 829 1302 igitur
859 1219 1022 1301 quiescere
1049 1226 1080 1281 et
1111 1218 1251 1303 frigidam

107 1325 282 1388 consistere
304 1324 424 1388 abhas
447 1343 571 1408 causas,
594 1326 698 1390 iacere
721 1333 821 1390 autem
845 1328 875 1390 in
901 1327 1020 1410 medio,
1043 1345 1138 1412 quae,
1161 1328 1186 1390 si
1204 1326 1289 1390 tasso

107 1433 147 1494 sit
170 1431 294 1512 (licere,
318 1432 398 1496 nulla
421 1433 459 1494 sit
483 1450 554 1513 pars
576 1434 730 1517 universi,
762 1451 816 1496 res
839 1433 920 1498 edita
943 1453 983 1497 ex
1004 1437 1200 1518 incensione,
1234 1455 1251 1497 a

108 1557 169 1621 qaa
193 1541 319 1620 primum
355 1539 461 1604 deusta
493 1540 647 1603 stellarum
683 1543 722 1603 sit
749 1547 872 1622 natura,
903 1559 1030 1622 quarum
1062 1543 1192 1605 maxiano
1215 1541 1253 1603 sit

107 1645 172 1729 sol,
196 1645 292 1708 altera
314 1653 415 1710 autem
438 1644 528 1728 luna,
551 1645 739 1726 reliquarum
761 1652 862 1708 sutem
886 1644 965 1708 aliae
992 1645 1142 1728 minores,
1173 1645 1252 1708 aliae

108 1755 253 1820 naiores
305 1753 447 1835 Desuper
468 1761 577 1818 ¹autem
612 1752 792 1816 incumbere
823 1751 941 1816 caelum
969 1753 1010 1814 ait
1039 1759 1068 1814 et
1091 1752 1132 1816 ita
1154 1753 1250 1836 solem

106 1862 137 1924 in
161 1869 275 1924 terram
297 1857 429 1924 fundere
451 1861 550 1922 lucem
572 1869 666 1942 atque
688 1866 792 1921 atirem
815 1857 920 1922 lacere
939 1858 1123 1942 pellucidum
1137 1867 1169 1924 ct
1185 1866 1291 1922 ter-ta

108 1985 173 2030 ram
198 1966 324 2030 aridam
368 1966 480 2030 bacam
503 1967 582 2029 euim
606 1983 678 2030 essa
700 1967 844 2050 priapum,
875 1967 989 2048 quippe
1018 1984 1099 2048 qnae
1128 1969 1158 2030 ia
1182 1986 1251 2031 aaa·

107 2074 172 2138 bitu
196 2075 237 2138 sit
259 2073 335 2156 alta,
357 2073 457 2138 media
481 2082 581 2137 autem
606 2091 691 2137 cava.
737 2074 954 2140 Testimonium
978 2083 1080 2140 aulem
1110 2075 1171 2140 lert
1192 2094 1252 2138 ca-

108 2183 228 2265 ritatis,
258 2180 340 2262 quod
364 2180 414 2246 sol
436 2197 498 2245 non
522 2181 611 2244 simol
635 2189 667 2245 et
690 2181 806 2245 oriatur
834 2189 864 2246 et
887 2181 1009 2246 occidat
1032 2183 1191 2267 omnibus,
1220 2181 1251 2245 ta

109 2287 195 2370 quod
219 2286 354 2351 debebat
375 2289 519 2370 evenire,
541 2289 567 2350 si
591 2295 675 2351 esset
697 2285 873 2371 aequabilis.
920 2288 966 2352 lle
989 2288 1167 2354 animalibus
1191 2303 1254 2352 au-‘

108 2403 169 2460 tem
187 2393 270 2475 dicit,
294 2394 442 2458 ealelaota
461 2403 545 2458 terra
569 2397 696 2476 primum
719 2396 749 2458 in
773 2395 1033 2480 inferioraparta,
1057 2395 1290 2462 uhicatiiumao

109 2511 139 2566 et
160 2502 306 2585 in'gidum
328 2502 531 2584 miscebatur,
555 2505 734 2585 apparuisse
757 2503 929 2584 etreliqua
951 2503 1092 2571 animalia
1110 2505 1201 2568 multa
1221 2515 1251 2570 et

108 2611 252 2694 imparia,
283 2611 383 2672 omnia
418 2609 529 2674 eodem
564 2611 645 2676 victu
676 2610 806 2692 utentia,
833 2610 976 2674 videlicet
999 2629 1017 2673 e
1039 2611 1103 2674 luto
1131 2611 1252 2694 nutrita,

107 2717 207 2780 luisse
228 2722 329 2780 autern
349 2715 454 2780 brevis
474 2720 558 2794 aevi;
586 2715 717 2799 posthac
748 2720 848 2798 autem
873 2718 964 2780 etiam
988 2734 1028 2779 ex
1050 2723 1149 2780 semet
1170 2719 1253 2780 invi-

108 2843 177 2888 cem
200 2824 436 2905 generationem
459 2825 597 2888 extitisse
620 2830 651 2886 et
673 2823 826 2888 discretos
850 2840 921 2887 esse
943 2821 1083 2887 homines
1098 2841 1114 2884 a
1127 2823 1253 2904 reliquis

109 2930 293 2995 animalibus
316 2936 347 2992 et
371 2929 466 2994 duces
489 2929 630 3014 alleges
655 2937 686 2992 et
708 2937 791 2994 artes
816 2937 846 2994 et
868 2929 981 3012 oppiala
995 2929 1159 3012 etreliqua
1173 2943 1294 2994 oon-tt

107 3039 254 3102 stituisse.
299 3037 433 3102 lentam
457 3044 559 3101 autem
581 3038 655 3102 dicit
674 3039 808 3102 innatam
841 3056 912 3102 esse
942 3038 1083 3102 omnibus
1112 3039 1253 3102 animali·

108 3146 165 3210 has
189 3147 321 3227 pariter;
343 3145 385 3208 uti
409 3145 489 3208 enim
515 3145 644 3226 quodvis
662 3146 773 3210 animal
796 3145 893 3210 instar
910 3154 942 3209 et
957 3163 1121 3227 corporum
1140 3154 1253 3230 mente,

107 3255 167 3318 nisi
191 3252 277 3335 quod
302 3251 418 3315 tardius
435 3251 512 3336 alia,
536 3251 593 3315 alia
618 3252 762 3316 celerius.
973 3235 977 3246 ⁸

194 3485 324 3569 Physica
357 3487 449 3567 igitur
477 3483 671 3567 philosophia
696 3503 712 3548 a
735 3483 861 3549 Thalete
884 3483 1044 3566 usquead
1067 3483 1253 3550 Archelaum

109 3593 242 3657 Amavit.
299 3593 394 3656 Huius
427 3593 526 3655 extitit
558 3591 702 3656 Socrates
732 3591 864 3655 auditor.
917 3591 992 3656 Sunt
1022 3601 1125 3656 autem
1162 3593 1293 3659 etiamst

107 3703 159 3765 alii
183 3701 303 3783 plorimi
327 3700 465 3763 diversas
486 3701 656 3764 sententias
686 3698 820 3782 prolessi
855 3697 958 3781 (leque
988 3697 1092 3764 (livino
1128 3701 1253 3763 numine

107 3809 308 3888 universique
330 3815 454 3891 natura,
488 3824 617 3888 quorum
647 3808 673 3868 si
696 3823 804 3869 omnes
827 3806 996 3869 sententias
1018 3805 1165 3870 vellemus
1194 3825 1253 3889 ap-

107 3931 243 3997 ponere,
281 3915 402 3978 multam
426 3913 567 3995 proiecto
597 3913 703 3977 silvam
736 3913 887 3976 librorum
907 3919 1065 3994 oporteret
1087 3914 1253 3980 conlisere.

107 4021 170 4088 seo
193 4019 351 4084 recordati
379 4021 500 4085 illorum
524 4039 654 4103 quorum
678 4020 850 4105 oportebat,
874 4007 1009 4084 maxime'
1017 4020 1175 4086 illustrium
1194 4038 1254 4084 eo-

105 4283 188 4351 pipor
204 4277 288 4348 rulpo
395 4279 441 4333 80.
460 4279 568 4344 cariem
586 4274 611 4332 0
632 4275 655 4332 Τ
769 4279 814 4334 83.
832 4276 922 4334 iculi
944 4277 969 4334 0
1082 4281 1127 4336 82.
1146 4279 1191 4334 8³.
1211 4275 1254 4330 Aa

106 4372 268 4442 pronshct
291 4371 321 4425 δι’
346 4371 454 4425 leccator
479 4371 545 4424 κατὰ
574 4369 618 4437 τὴν
635 4371 685 4424 tois
710 4371 840 4445 σωμάτων
858 4371 995 4444 διαφορὰν
1021 4372 1048 4424 ari
1063 4371 1114 4442 pair
1131 4389 1154 4423 κ.
1173 4387 1192 4420 s.
1212 4372 1255 4423 A?

108 4461 164 4520 Cir.
184 4463 221 4522 de
240 4463 375 4520 hocloco
394 4460 514 4535 ltoepcr.
533 4481 561 4536 p.
580 4463 633 4518 6¹5
759 4463 804 4518 87.
823 4463 1064 4536 προσενεγκάμενοι
1082 4459 1164 4531 vulgo
