3052 4984
627 364 814 424 nonninus.
1232 366 1292 433 431

145 522 253 602 piente
276 525 326 587 die
349 525 485 611 decima,
520 531 602 610 quod
636 540 681 596 ost
711 535 826 597 initium
860 532 1003 616 decadis,
1037 552 1159 618 aquo,
1189 536 1296 620 inquit,

148 637 323 693 numerent.
381 631 489 695 llonas
520 636 600 698 enirn
629 653 729 719 usque
761 637 799 700 ad
828 636 976 700 decimam
1007 644 1143 718 quartam
1179 657 1295 704 summa

148 740 199 796 est
229 736 307 800 illius
339 740 428 802 unius
463 742 558 821 apicis
595 744 725 824 perlecti
758 744 888 809 nunreri.
954 743 1052 806 Unum
1087 745 1185 827 enim,
1223 745 1296 831 duo,

149 841 231 924 tria,
260 851 407 925 quattuor
428 847 504 911 liunt
533 848 656 933 decern,
679 850 762 932 quod
795 859 842 915 cst
864 869 943 914 unus
979 869 1069 933 apex.
1124 851 1295 916 Adeoima

20 1045 26 1052 Ι
149 957 259 1030 quarta
283 962 400 1034 autem,
423 955 535 1040 inquit,
563 974 662 1038 usque
691 957 729 1020 ad
761 960 938 1042 vigesimam
968 961 1092 1040 primam
1121 959 1333 1034 hebdomo-re

149 1056 221 1120 dem
245 1057 317 1122 dicit
341 1067 497 1124 extantem
520 1065 550 1126 in
574 1081 636 1126 uno
665 1065 753 1146 apice
777 1066 879 1128 mundi
908 1073 1080 1129 creaturam
1104 1085 1242 1150 azymam
1264 1071 1294 1132 ia

149 1163 198 1229 his
221 1169 371 1232 omnibus,
423 1169 501 1244 Quid
537 1173 616 1235 enim
646 1173 828 1256 indiguerit,
858 1174 970 1255 inquit,
1003 1191 1081 1236 unus
1109 1191 1189 1255 apex
1217 1174 1296 1237 sub-

149 1277 260 1339 stantia
293 1276 393 1358 alique
425 1284 569 1359 tanquam
603 1279 755 1344 fermento
790 1282 982 1343 extrinsecus
1018 1281 1055 1342 etl
1091 1280 1205 1361 pascha
1234 1280 1296 1345 do-

150 1384 240 1464 mini,
264 1390 422 1447 aeternum
446 1384 557 1449 lostam
570 1437 578 1470 ,
602 1387 684 1468 quod
709 1388 807 1450 estin
833 1388 1054 1470 generationes
1073 1386 1197 1450 datum?
1220 1388 1295 1452 Uni-

150 1510 261 1554 versus
284 1494 363 1555 enim
391 1493 522 1557 mundus
545 1503 576 1558 et
599 1513 706 1558 omnes
740 1495 905 1558 creationis
934 1512 1046 1558 causae
1072 1493 1185 1577 pasche
1215 1504 1333 1580 sumac

151 1598 263 1662 festum
301 1599 425 1664 domini.
485 1601 605 1665 Gaudet
639 1604 717 1665 enim
761 1602 837 1666 deus
874 1603 1039 1665 creationis
1080 1605 1296 1688 conversione,

152 1725 232 1787 quae
256 1727 272 1770 a
297 1708 403 1770 decem
425 1707 523 1791 plagis
546 1711 640 1790 apicis
664 1709 795 1773 efficitur
822 1710 928 1792 unius,
952 1710 1003 1792 qui
1027 1715 1074 1773 est
1097 1710 1192 1774 llosis
1208 1711 1296 1794 virga

152 1813 252 1878 adeo
275 1814 343 1877 data
370 1817 400 1877 in
431 1835 550 1879 manum
582 1817 692 1900 llosis,
724 1836 782 1898 qua
814 1821 990 1899 percutiens
1025 1817 1185 1900 Aegyptiis
1216 1837 1298 1883 con-

151 1923 241 1985 uertit
277 1940 429 2004 corpora,
462 1926 550 1988 sicuti
586 1943 694 2006 aquam
732 1927 762 1988 in
793 1927 975 2008 sanguinem
1003 1932 1035 1987 et
1063 1925 1183 2006 reliqua
1213 1925 1298 1990 hisce

152 2028 366 2112 consimiliter,
388 2038 422 2093 ut
444 2028 597 2113 locustas,
627 2029 709 2110 quod
742 2031 863 2110 quidem
889 2037 936 2092 est
962 2028 1101 2114 laeuum,
1125 2031 1334 2100 elemento-eo

151 2155 216 2198 rum
247 2137 277 2198 in
308 2155 432 2199 carnem
469 2138 705 2200 conversionem
742 2137 830 2214 dicit;
869 2139 968 2200 omnis
1002 2139 1082 2200 enirn
1119 2158 1195 2202 carc
1223 2138 1297 2218 soe-

150 2263 237 2322 nam,
270 2245 374 2326 inquit.
441 2243 542 2308 Nihilo
584 2251 685 2307 autern
718 2244 820 2307 secius
853 2252 884 2308 et
917 2251 1012 2308 totam
1046 2246 1147 2328 legem
1176 2247 1233 2309 riri
1268 2246 1299 2310 hi

151 2353 181 2416 in
222 2350 313 2416 talem
358 2353 508 2432 quendam
558 2351 681 2416 modum
723 2353 891 2435 accipiunt,
937 2351 1065 2416 lorsitan
1109 2355 1223 2436 secuti,
1265 2362 1299 2417 ut

152 2477 213 2543 ego
249 2460 376 2543 opinor,
409 2458 560 2543 Graecos,
597 2461 647 2540 qui
683 2458 788 2521 dicunt
818 2475 889 2521 esse
917 2459 1118 2522 substanttam
1148 2465 1179 2522 et
1208 2459 1299 2540 quate

152 2577 182 2630 et
203 2575 349 2649 quantam
383 2573 413 2628 et
436 2569 479 2628 acl
502 2567 577 2647 quiri
598 2573 628 2629 et
651 2566 703 2628 aot
727 2574 759 2628 et
779 2567 904 2648 qnando
928 2572 959 2627 et
980 2569 1070 2628 sitnm
1099 2585 1167 2628 esse
1190 2571 1221 2628 ct
1240 2564 1333 2644 sa-to

150 2696 220 2738 cere
244 2681 275 2736 et
295 2673 410 2736 laben
432 2680 464 2734 et
481 2675 558 2754 pati.

242 2780 290 2845 15.
343 2781 450 2862 ltaque
481 2781 561 2843 enim
595 2779 767 2842 Monoimus
800 2779 866 2860 ipse
898 2781 927 2840 in
961 2779 1088 2860 epistola
1119 2778 1156 2840 ad
1190 2777 1297 2841 Theo·

151 2890 307 2972 plrrastum
330 2889 467 2969 ellipsis
503 2887 620 2950 verbis:
661 2887 812 2950 Desinens
841 2905 992 2968 quaerere
1024 2887 1114 2948 deam
1142 2893 1173 2948 et
1201 2905 1295 2948 crea-

151 3000 264 3061 tionem
297 3003 328 3058 et
362 2996 447 3058 lisca
479 2996 652 3058 consimilia
692 3013 808 3076 qaaere
836 3014 904 3056 earn
935 3015 957 3057 a
986 3003 1015 3056 te
1046 2995 1113 3075 ipso
1143 3002 1174 3056 et
1199 2995 1294 3072 amca,

151 3107 291 3188 qnism
312 3105 367 3185 sit,
393 3103 445 3184 qai
469 3104 501 3164 in
524 3111 553 3164 te
575 3103 678 3164 omnio
699 3103 821 3164 omnino
852 3102 912 3165 stat
945 3103 1006 3183 ipsi
1028 3108 1160 3182 arrapat
1179 3109 1210 3164 et
1231 3103 1332 3166 aitrau

152 3213 226 3274 deas
247 3230 348 3287 mars,
372 3228 457 3272 mens
478 3228 568 3287 mea,
602 3209 806 3292 intelligentia
828 3227 911 3285 men,
940 3210 1044 3271 anima
1066 3227 1150 3285 mec,
1183 3227 1296 3289 corpus

150 3339 265 3396 meam,
296 3325 328 3380 et
348 3317 451 3395 disce,
475 3317 705 3378 conuerreret
725 3315 863 3394 pondere
885 3321 916 3376 et
937 3315 1068 3395 dilipere
1091 3323 1121 3376 et
1143 3315 1244 3376 odisse
1265 3322 1296 3378 et

151 3425 285 3507 oipilare
306 3443 368 3487 nan
390 3425 540 3487 nolentem
562 3430 593 3486 et
615 3425 783 3486 dormitare
805 3423 1036 3486 annectentem
1058 3430 1089 3485 et
1110 3423 1206 3484 nasci
1233 3441 1295 3484 non

151 3534 300 3596 calentem
322 3541 354 3594 et
375 3549 484 3593 ornare
505 3549 566 3592 nan
588 3531 738 3594 nolentem
768 3532 849 3592 ande
870 3531 990 3592 ariatm
1002 3575 1012 3606 ,
1045 3535 1075 3590 et
1106 3549 1174 3590 carn
1207 3529 1294 3604 llaec,

152 3638 263 3720 inquit,
286 3639 488 3719 requisiveris
509 3645 671 3716 accurate,
702 3638 840 3716 reperies
867 3655 935 3698 enm
968 3637 1001 3696 in
1030 3644 1059 3697 te
1090 3637 1157 3717 ipso
1178 3649 1315 3700 rement

152 3746 222 3807 dam
254 3746 373 3825 apicem
407 3744 491 3805 illam
521 3763 613 3806 anam
646 3752 678 3805 et
712 3745 828 3821 multa,
866 3746 918 3824 pai
945 3762 1020 3804 ase
1041 3745 1109 3824 ipso
1132 3745 1295 3807 exordium

152 3882 198 3955 qui
215 3898 290 3953 susp.
310 3881 380 3935 siluis
451 3881 496 3934 91.
517 3875 658 3952 paciaci]
731 3881 833 3933 alez.
856 3869 1173 3956 ,irie-peraptum]
1193 3877 1225 3946 ἣν
1242 3883 1296 3942 τοῖς

152 3977 303 4046 Αἰγυπτίοις
319 3973 408 4040 aliisi
420 3973 593 4044 μεταβάλλειν
611 3972 684 4026 coni.
704 3969 742 4028 ll.
762 3971 805 4026 Aa
816 3964 833 4046 ᾖ
845 3975 1063 4045 roisAiyoim'ars
1080 3972 1203 4038 πλήσσων
1216 3992 1295 4045 μετα-

151 4063 262 4137 priltn‘l
282 4063 347 4120 cur.
359 4062 537 4119 Petersenius
612 4065 655 4118 92.
666 4064 710 4132 τὴν
723 4070 805 4139 χεῖρα
822 4067 951 4136 Μωσέως]
962 4063 1005 4118 Aa
1022 4061 1090 4116 haec
1103 4062 1186 4116 rerba
1200 4072 1294 4117 trans-

150 4157 275 4230 ponenda
294 4165 358 4210 sunt
375 4163 438 4227 post
457 4156 586 4228 δεδομένη
598 4151 653 4232 [εἷς]
666 4156 715 4210 lia.
727 4154 780 4211 att
854 4158 969 4212 92-94.
990 4153 1194 4210 Sententiarum
1206 4171 1293 4208 nexus

152 4251 319 4320 interruptus
339 4265 401 4303 esse
420 4247 529 4301 ridetur
601 4247 764 4310 limniscus.
776 4247 969 4304 Petersenius:
986 4265 1029 4301 om
1043 4244 1102 4301 CM
1168 4249 1211 4300 94.
1231 4243 1292 4321 τῶν]

151 4339 193 4406 τὴν
203 4339 274 4392 asir?
286 4335 314 4392 Μ
386 4339 430 4392 95.
445 4333 487 4391 Cf.
501 4333 559 4391 Jes.
576 4338 619 4400 lo,
631 4339 656 4391 6.
679 4337 758 4391 Πᾶσα
770 4339 836 4410 σὰρξ
841 4340 939 4412 χόρτος
955 4358 979 4392 ar.
989 4357 1009 4391 τ.
1019 4339 1043 4390 λ.
1122 4336 1237 4389 97-99.
1249 4331 1292 4389 (ll.

151 4445 230 4500 supra
252 4446 278 4500 p.
289 4427 332 4490 38,
346 4427 461 4481 96-98.
481 4445 508 4498 p.
526 4427 698 4490 26²‚99—2.
772 4429 816 4482 98.
837 4424 954 4496 arianus.
1026 4425 1052 4478 4.
1072 4421 1297 4500 ciceronianae

152 4519 218 4575 CM
256 4518 299 4575 Ci.
319 4519 415 4576 inlral
444 4517 480 4582 X,
500 4537 523 4574 c.
547 4521 587 4572 17.
609 4537 635 4590 p.
656 4519 718 4584 ³26,
740 4523 785 4575 34.
806 4521 849 4574 ed.
870 4518 922 4574 Ox.
1006 4519 1047 4572 ll.
1066 4518 1161 4601 inrupi]
1179 4517 1294 4589 canera?
