2920 4982
521 363 699 424 tttttoctts.
1122 357 1185 422 547

27 533 136 590 autem
162 525 391 610 subsequuntur
413 529 521 616 deum,
548 529 627 596 haec
649 529 804 616 praehere
826 528 965 612 promisit
988 527 1080 610 deus,
1113 528 1184 610 quia

21 633 195 700 deificatus
218 655 264 722 es,
291 637 470 704 immortalis
493 648 675 726 generatus.
719 641 786 706 ilco
809 646 857 702 est
880 637 954 701 iliud
972 634 1138 722 Cognosce
1155 645 1185 701 tc
1309 665 1313 672 ·

23 743 141 828 ipsum,
160 741 229 807 dum
243 747 388 827 agnoscis
405 747 496 812 deum
510 751 562 831 qui
576 757 607 813 ta
625 751 709 817 iecit.
740 750 771 814 Si
787 747 856 830 quis
868 747 948 810 enim
964 763 999 808 se
1016 748 1115 828 ipsum
1125 765 1184 812 co-

24 852 152 936 gnovit,
174 853 304 938 contigit
320 853 360 936 ei,
373 857 425 937 qui
441 856 479 920 ab
502 858 553 922 itio
570 867 701 924 vocatus
719 865 775 942 cst,
795 865 828 921 ut
840 837 1086 940 cognosceretur
1100 856 1185 936 (sca

25 957 111 1042 deo).
160 957 207 1023 Nc
229 962 422 1026 contendatis
453 963 546 1047 igitur
576 964 727 1029 adversus
761 981 818 1030 vos
851 963 1000 1045 invicem,
1034 959 1224 1048 hominene

25 1081 137 1148 nequo
161 1065 299 1131 dubitate
321 1069 436 1134 redire.
482 1069 620 1136 Christus
647 1072 730 1136 enim
761 1078 808 1136 est
842 1070 919 1134 deos
951 1087 1045 1152 super
1073 1072 1185 1154 omnia,

27 1175 79 1254 qui
105 1183 269 1258 peccatum
306 1174 344 1241 ab
365 1175 554 1266 ,hominibus
576 1178 703 1244 abtucrc
726 1177 905 1261 constituit,
942 1193 1056 1240 novum
1089 1173 1186 1258 perti-

25 1282 118 1346 ciens
143 1289 283 1346 veteram
307 1279 476 1367 hominein,
511 1294 672 1370 postquam
706 1288 869 1370 imaginem
904 1301 975 1347 cum
1002 1286 1126 1348 vocavit
1147 1281 1186 1346 ab

27 1387 140 1471 initio,
172 1408 229 1474 por
251 1389 385 1474 effigiem
409 1409 500 1474 quam
524 1411 599 1476 erga
633 1400 663 1456 te
694 1391 785 1457 habet
816 1391 987 1457 ostendens
1018 1391 1186 1474 caritatem,

28 1497 120 1560 cuius
143 1500 317 1580 praeceptis
340 1497 391 1561 ubi
414 1497 591 1562 obediveris
614 1503 761 1586 gravibus
787 1508 820 1563 et
848 1499 922 1566 boni
955 1498 1055 1562 bonus
1086 1499 1224 1562 iactustt

28 1599 130 1667 iueris
164 1604 297 1670 imitator
306 1651 315 1687 ‚
346 1603 408 1669 eris
440 1605 508 1670 eius
538 1609 706 1672 consimilis
736 1608 773 1673 ab
811 1626 850 1674 co
884 1607 1062 1671 honoratus.
1115 1604 1185 1670 Non

31 1709 116 1771 enirn
142 1710 304 1776 mendicus
328 1720 376 1776 est
397 1712 489 1800 deus,
512 1715 564 1797 qui
585 1724 615 1779 ct
637 1721 668 1778 te
681 1715 771 1778 deum
791 1713 863 1779 iecit
878 1714 917 1779 ad
933 1715 1029 1798 ipsius
1045 1711 1184 1796 gloriam.

25 1897 81 1940 roca
99 1887 170 1948 θεὸς
186 1885 231 1953 τὴν
251 1883 419 1942 Bussenius.
456 1883 501 1943 Cf.
520 1883 601 1943 Rom.
620 1889 646 1953 9,
664 1889 681 1944 ὅ
699 1889 727 1952 ἐξ
744 1879 783 1942 ὧν
801 1887 815 1942 ὃ
834 1888 948 1960 Χριστὸς
964 1885 991 1942 ιδ
1008 1887 1074 1942 κατὰ
1091 1883 1186 1972 σάρκα,

30 1977 44 2030 ὁ
64 1979 104 2032 civ
123 1977 170 2033 tui
187 1977 295 2033 πάντων
310 1977 376 2040 θεὸς
393 1978 531 2051 εὐλογητὸς
548 1982 585 2042 stc
608 1979 667 2043 acic
689 1981 790 2042 αἰῶνας
817 1990 846 2035 at
869 1977 1015 2052 Hippolyti
1045 1978 1188 2050 fragmen·

31 2079 89 2124 tum
113 2075 213 2127 Contra
230 2075 348 2126 haeresin
367 2074 441 2126 Nocet
465 2074 598 2128 mucan
629 2071 660 2147 S.
686 2075 703 2127 6
726 2069 817 2144 (Tom.
841 2074 868 2127 2.
892 2089 918 2145 p.
940 2073 972 2128 10
1000 2071 1043 2127 cd.
1068 2065 1188 2135 Fabrici

32 2181 59 2234 p.
80 2161 466 2238 consencientes)
610 2167 653 2222 ⁴9.
672 2157 715 2242 oi]
735 2161 807 2220 oiC
923 2163 966 2220 51.
984 2167 1111 2238 τιμηθείς.
1138 2145 1189 2226 oi]

31 2261 165 2329 τιμηθείς.
200 2257 258 2312 Σοῦ
275 2253 298 2311 G
317 2253 346 2312 Μ
366 2253 535 2314 Banaenioa.
580 2254 669 2314 Sicuti
698 2273 751 2311 noa
777 2256 860 2312 ctiam
888 2253 1034 2329 Rcaparua
1060 2256 1188 2311 correxit·
