3050 4988
218 306 281 370 304
327 308 544 392 (μυσαυστ.)
685 311 779 370 mnan
802 312 845 382 vl,
869 315 919 369 ιτ.

181 478 273 541 aona)
295 473 373 561 αὐτῆ
395 478 555 556 στοιχείων
574 477 750 562 τεσσάρων,
774 473 846 559 ἑξῆς
868 471 1001 557 ἐλάλησα
1022 473 1079 557 τῆν
1099 476 1218 558 τρίτην,
1240 472 1306 558 ῆας
1325 469 1365 557 ῆν

219 587 378 664 στοιχείων
401 583 497 660 δέκα,
528 590 582 648 καὶ
611 585 666 670 τῆν
690 583 837 668 τετάρτην
869 579 1021 665 ἐλάλησα,
1058 585 1111 644 καί
1139 578 1179 665 ῆν
1209 585 1263 643 καὶ
1285 578 1364 665 αδτῆ

220 693 380 770 στοιχείων
401 689 539 754 διόδεκα.
579 691 716 771 Ἐγένετο
739 689 874 754 οὖντοῦ
896 687 1054 770 δνόματσς
1076 685 1155 752 όλσυ
1177 687 1196 773 ῆ
1219 687 1367 774 έκφιάνη

205 815 268 871 σις
287 800 447 878 στοιχείων
470 799 556 885 [μὲν]
579 798 765 885 τριάκοντα,
789 794 958 878 συλλαβῶν
981 793 1016 859 δὲ
1037 793 1213 879 τεσσάρων·
1236 798 1367 859 ἕκαστον

221 904 257 967 δὲ
279 908 342 968 τῶν
363 908 522 986 στοιχείων
543 905 611 968 ἴδια
632 904 806 991 γράμματα
827 911 882 970 καὶ
904 903 988 969 ἴδιον
1008 906 1192 988 χαρακτῆρα
1206 908 1261 966 καὶ
1277 902 1367 966 ίδίαν

182 1010 403 1096 σσέκφαίνησιν
424 1016 478 1074 καί
500 1013 643 1097 σχήματα
671 1017 726 1076 καὶ
753 1011 882 1088 εἰκόνας
912 1011 1013 1093 ἔχειν,
1048 1015 1103 1074 καὶ
1130 1013 1238 1096 μηδὲν
1260 1008 1367 1074 αδιοῑν

221 1119 317 1195 είναι,
342 1119 361 1182 ὃ
389 1119 445 1205 τῆν
470 1119 591 1184 έκείνσν
620 1123 753 1204 καθορᾷ
782 1117 925 1205 μορφήν,
958 1113 1058 1203 οὕπερ
1088 1116 1184 1194 αότδς
1212 1117 1366 1199 στοιχεῖόν

220 1224 313 1301 ἐστιν,
336 1223 412 1289 σδδὲ
434 1227 498 1312 μιῆν
519 1228 574 1312 τῆν
595 1231 650 1291 τοῦ
671 1225 806 1312 πλησίον
826 1223 925 1290 αὐτοῦ
952 1226 1083 1288 ἕκαστον
1112 1223 1294 1310 έκφσίνρσιν
1316 1249 1367 1303 γι-

222 1332 366 1408 νσίσκειν,
400 1330 473 1396 ἀλλ’
495 1333 513 1396 δ
536 1331 631 1408 αότός
661 1333 817 1419 emm,
851 1330 895 1406 ὥς
932 1332 966 1394 τό
995 1333 1064 1395 πᾶν
1096 1331 1303 1416 έκφωνσῦντα
1330 1330 1366 1396 ιδ

221 1437 298 1503 όλσν
320 1437 469 1522 ἡγεῖσθαι
491 1437 659 1523 ὀνομάζειν
681 1440 792 1506 αὐτόν·
815 1441 947 1503 ἕκαστον
967 1439 1029 1522 γάρ
1051 1437 1157 1504 αὐτῶν
1174 1443 1271 1525 μέρος
1286 1441 1365 1504 ὄντα

183 1549 277 1622 40τοῦ
299 1545 377 1611 δλσυ
399 1549 454 1612 τόν
475 1547 559 1612 ἴδιον
579 1545 658 1633 ῆχσν
687 1547 731 1624 ὥς
761 1547 796 1612 τό
818 1550 887 1611 πάν
916 1543 1085 1629 ὀνομάζειν
1113 1549 1167 1608 καὶ
1198 1545 1242 1630 μῆ
1277 1543 1367 1608 στοά·

222 1655 346 1716 σασόαι
368 1651 522 1738 ἠχοῦντα,
545 1655 653 1738 μέχρις
675 1653 748 1718 ότσυ
770 1653 824 1718 em
845 1651 879 1716 τό
898 1651 1030 1733 ἔσχατον
1046 1651 1178 1736 γράμμα
1193 1654 1249 1716 τοῦ
1269 1650 1366 1732 ἐσχά-

220 1781 274 1825 τσυ
297 1763 449 1840 στοιχείου
469 1759 767 1846 μονσγλωτιῆσαντα
788 1764 989 1844 καταντῆσαι.
1048 1759 1127 1824 Τότε
1148 1758 1185 1822 δὲ
1208 1758 1287 1842 [καὶ]
1309 1757 1367 1842 τῆν

222 1863 483 1930 άπσκατάστασιν
503 1871 567 1932 τῶν
587 1866 672 1932 ὅλων
701 1867 763 1953 ἔφη
791 1871 962 1947 γενέσθαι,
992 1867 1069 1932 όταν
1097 1867 1136 1930 τά
1158 1865 1267 1930 πάντα
1289 1887 1365 1928 κατ-

220 1972 362 2038 ελθόντα
398 1974 444 2050 εἷς
472 1975 504 2039 τό
536 1978 572 2038 έν
599 1975 731 2060 γράμμα
766 1978 846 2057 μίαν
877 1978 933 2038 καὶ
963 1974 1020 2060 τῆν
1055 1972 1154 2060 αδτην
1182 1973 1365 2060 έκφσίνησιν

183 2078 337 2170 χςῆχῆση,
357 2079 362 2168 ί
381 2083 433 2166 τῆς
462 2103 494 2144 τε
523 2080 731 2165 έκφωνῆσεως
765 2079 876 2146 είκόνα
905 2081 939 2146 τό
972 2079 1059 2167 άμῆν
1091 2078 1173 2164 ὁμσῦ
1206 2079 1363 2160 λεγόντοιν

219 2186 311 2272 ῆμάν
343 2185 483 2252 ὑπέθετο
520 2187 613 2251 είναι.
678 2188 763 2263 Τσδς
801 2188 837 2252 δὲ
872 2189 1065 2273 [φθόγγους]
1098 2187 1255 2274 ὑπάρχειν
1292 2193 1365 2263 τοὺς

221 2327 283 2337 --

220 2389 262 2477 ῆν
276 2397 330 2454 καὶ
344 2389 422 2476 αότῆ
445 2395 605 2471 στοιχείων
625 2383 794 2480 τεσσάρων,
817 2395 888 2482 ἑξῆς
902 2395 1037 2483 έλάλησε
1051 2396 1106 2482 τῆν
1123 2398 1234 2482 τρίτην,
1256 2400 1311 2459 καί
1323 2392 1364 2480 ῆν

220 2505 276 2563 καί
297 2498 375 2584 αδτῆ
398 2502 557 2580 στοιχείων
579 2497 673 2576 δέκα,
705 2505 760 2563 καὶ
781 2505 836 2588 τῆν
856 2505 934 2586 μετά
961 2508 1060 2568 ταῦτα
1081 2502 1226 2589 έλάλησε,
1249 2507 1303 2566 καί
1324 2499 1364 2588 ῆν

221 2611 276 2670 καὶ
303 2603 380 2690 αιίτῆ
414 2608 573 2686 στοιχείων
594 2606 743 2672 δεκαδύο.
792 2607 929 2688 Ἐγένετο
960 2607 1018 2674 οὖν
1046 2610 1065 2694 ῆ
1098 2610 1277 2696 ἐκιμαίνησις
1307 2617 1363 2674 τοῦ

221 2710 299 2777 όλου
322 2709 479 2796 ὀνόματος
501 2718 659 2795 στοιχείων
670 2719 730 2798 μὲν
750 2715 931 2801 τριάκοντα,
955 2715 1125 2799 συλλαβῶν
1135 2703 1177 2781 ’δὲ
1188 2716 1362 2803 τεσσάρων·

220 2821 352 2883 ἕκαστον
374 2816 410 2882 δέ
431 2821 494 2881 τῶν
516 2824 674 2901 στοιχείων
696 2821 765 2885 ἴδια
789 2823 960 2908 γράμματα
989 2829 1043 2888 καὶ
1068 2820 1153 2886 ἴδιον
1179 2827 1364 2908 χαρακτῆρα

220 2931 275 2989 καὶ
297 2925 384 2989 ἰδίαν
406 2924 585 3012 έκφυίνησιν
606 2933 660 2990 καὶ
681 2929 824 3014 σχήματα
846 2935 900 2992 καί
920 2929 1049 3006 εἰκόνας
1070 2929 1163 3010 ἔχειν,
1191 2934 1245 2992 καὶ
1261 2929 1363 3015 μηδὲν

220 3031 326 3096 αὐτῶν
346 3032 443 3109 είναι,
467 3033 485 3096 δ
507 3034 562 3118 τῆν
583 3033 703 3098 ἐκείνου
726 3039 859 3121 καθορᾷ
879 3036 1017 3123 μορφῆν,
1040 3031 1139 3118 σόπερ
1162 3033 1258 3110 αότός
1279 3053 1363 3100 στοι-

219 3139 306 3220 χεῖόν
328 3138 419 3214 ἐστιν,
443 3136 528 3202 ἄλλά
549 3138 624 3202 οὐδὲ
644 3141 789 3219 γινώσκει
812 3142 919 3220 αδτόν,
942 3141 1018 3208 σιίδὲΙ
1043 3143 1107 3230 μῆν
1128 3143 1183 3229 τὴν
1203 3147 1258 3208 τοῦ
1279 3142 1362 3228 πλη-

221 3249 291 3310 σίον
312 3242 411 3309 αότσῦ
433 3247 564 3310 ἕκαστον
586 3245 768 3332 ἔκμάνησιν
787 3247 966 3334 πολιορκεῖ,
990 3248 1076 3312 ἀλλά
1099 3249 1118 3313 δ
1140 3247 1236 3325 αδτός
1254 3249 1363 3334 έκφω-

221 3361 285 3428 νεί,
309 3350 352 3426 ὡς
373 3351 407 3414 τό
430 3355 499 3414 πάν
521 3352 728 3437 έκιμωνσῠντα
752 3355 786 3418 τό
815 3353 892 3420 όλσν
916 3354 1065 3440 ῆγεῖσέίαι
1081 3355 1263 3440 όνσμάζειν·
1286 3360 1362 3421 έκα-

221 3475 293 3522 στσν
313 3458 374 3545 γάρ
398 3454 504 3522 αὐτῶν
524 3463 621 3546 μέρος
642 3462 680 3524 δν
705 3464 761 3524 τοῦ
786 3459 865 3524 δλσυ
894 3463 948 3524 τόν
969 3461 1053 3526 ἴδιον
1074 3459 1151 3549 ῆχσν
1173 3463 1216 3540 ὡς
1237 3464 1271 3528 τδ
1293 3470 1362 3528 πάν

220 3565 387 3650 ὀνομάζειν
407 3570 462 3628 καλ
482 3566 525 3650 μῆ
548 3565 740 3630 παύσασθαι
763 3565 914 3652 ῆχσῦντα,
937 3571 1046 3652 μέχρις
1060 3568 1202 3658 ότσνηέπῐ
1218 3570 1252 3633 τό
1266 3569 1362 3650 ἔσχα-

219 3695 274 3738 τον
293 3672 428 3760 γράμμα
441 3675 495 3736 τσῦ
509 3669 640 3735 ἑκάστου
657 3676 807 3753 στοιχείου
828 3673 1146 3761 μσνσγλωσσῆσαντυς
1160 3679 1362 3760 καταστῆσαι.

223 3781 303 3846 Τότε
324 3779 360 3844 δὲ
383 3783 436 3844 καὶ
457 3781 512 3865 τῆν
534 3776 791 3843 ἀποκατάστασιν
816 3785 879 3843 τῶν
901 3779 987 3846 όλων
1008 3781 1069 3868 ἔφη
1091 3786 1260 3863 γενέσθαι,
1284 3782 1362 3846 ὅταν

219 3889 258 3950 τά
280 3887 386 3950 πάντα
405 3884 602 3950 κατελθόντα
628 3884 674 3958 είς
702 3884 735 3948 τδ
759 3889 795 3950 έν
821 3888 953 3974 γράμμα
986 3893 1066 3972 μίαν
1096 3895 1150 3956 καὶ
1178 3891 1234 3975 τῆν
1264 3888 1362 3974 αόιῆν

220 3993 401 4079 έκφάνησιν
423 3991 538 4081 ῆχῆση,
572 3986 609 4076 ῆς
636 3990 845 4078 έκφωνῆσεως
873 3994 983 4060 είκόνα
1010 3995 1044 4059 ιδ
1074 3995 1176 4082 άμῆν
1205 3994 1287 4080 ὁμσῦ
1309 3993 1361 4058 λε-

218 4101 339 4180 γόντων
360 4098 451 4186 ῆμάιν
473 4097 612 4163 ὑπέθετο
634 4101 726 4162 εἶναι.
774 4104 858 4176 Τσυς
878 4100 914 4164 δὲ
937 4101 1104 4187 φθόγγους
1122 4101 1277 4188 ὑπάρχειν
1291 4101 1363 4175 τσδς

292 4265 338 4320 30.
368 4263 424 4330 ἑξῆς
446 4259 561 4338 ίλάλησε]
590 4261 722 4328 ίξελάληστ
746 4259 768 4316 C
884 4265 929 4318 3¹.
953 4269 1072 4336 στσιχείω
1098 4263 1120 4319 C
1243 4267 1288 4320 33.
1310 4265 1376 4337 μέν·

220 4350 306 4407 omC
420 4353 465 4406 36.
490 4346 572 4426 τόπερ
603 4354 690 4423 αὐτὸς]
722 4343 804 4428 οὗπερ
831 4355 894 4409 αι’·τό
922 4353 1000 4411 CM.
1044 4354 1086 4412 cf.
1111 4354 1183 4410 Ιτσο.
1316 4357 1361 4411 37.

220 4448 301 4508 ἐστιν,
320 4445 382 4499 οὐδὲ
401 4441 465 4521 μὴν]
486 4446 550 4512 ίστι,
568 4445 644 4500 τόνου
663 4445 693 4498 δι’
711 4445 766 4516 μῆν
785 4441 807 4499 C
823 4509 869 4562 p
879 4447 923 4502 38.
951 4447 1006 4502 ἀλλ’
1026 4443 1040 4501 b*
1060 4448 1138 4511 αὐτὸς
1154 4445 1279 4524 λκιγωνεί]
1299 4448 1362 4502 ἄλλο
