3050 4988
215 285 280 352 312
324 284 361 370 (p.
373 295 446 350 τοι.
458 285 546 371 εοε.)
634 288 728 347 unna
750 287 795 361 vl,
817 287 869 346 τε.
892 291 943 346 ιο.

193 475 273 537 εγον
295 457 400 539 ὄνομα
420 457 591 536 γενέσθαι,
622 458 676 518 καί
698 455 732 518 τδ
754 455 859 538 ὄνομα
880 454 963 518 είναι
984 455 1093 530 τοῦτο,
1125 452 1144 516 δ
1173 449 1369 534 γινώσκομεν

215 567 269 628 καί
289 563 467 648 λαλοῦμεν,
489 561 628 648 Χριστόν
645 561 782 647 ’,Ιησοῦν
807 562 904 626 δκαί
925 557 1138 644 ὀνομάσασαν
1158 557 1257 643 αὐτήν
1279 579 1367 644 παρ-

215 674 327 736 αυτίκα
353 675 522 758 σιωπήσαι.
575 665 843 758 Προσδοήκῶντος
864 668 900 734 δὲ
922 672 977 734 τοῦ
1000 667 1143 756 Μάρκου
1166 665 1279 732 πλείον
1302 663 1367 730 αῦ-

214 779 269 864 τήν
292 775 420 862 μέλλειν
445 801 473 842 τι
502 777 621 857 λέγειν,
653 777 754 842 πάλιν
783 775 986 865 ήτετρακτῦς
1016 775 1231 864 παρελθοῦσα
1264 774 1310 850 είς
1330 753 1366 838 τδ

191 889 313 972 σμέσον
335 887 445 972 φησίν·
472 885 580 960 Οότως
601 883 704 971 εὐήθη
726 883 831 972 ήγήσω
855 883 910 949 τόν
933 883 1031 966 λόγον
1051 888 1180 962 τοῦτον,
1207 879 1320 970 [δν]’
1297 877 1366 944 απδ

215 993 377 1078 σωμάτιον
397 997 451 1080 τής
473 991 715 1080 άληθείας’
693 1009 848 1078 ηκουσας·
878 990 918 1058 οδ
939 996 1029 1057 τουτο
1036 1041 1048 1071 ,
1081 992 1159 1078 ὅπερ
1192 989 1285 1066 σίδας
1311 992 1367 1053 καί

214 1100 318 1175 δοκείς
338 1100 421 1182 ἔχειν
442 1099 564 1177 πάλαι,
592 1102 746 1164 τουτέστιν
767 1101 885 1183 ὄνομα·
920 1101 1033 1186 φωνήν
1061 1100 1123 1188 γάρ
1155 1099 1235 1181 ἔχεις
1263 1096 1368 1181 μόνον

215 1205 323 1284 αὐτοῦ,
346 1207 402 1294 τήν
424 1206 460 1270 δὲ
483 1205 624 1289 δόναμιν
646 1205 780 1288 ἄγνοείς.
821 1206 940 1294 Ἰησοῦς
966 1212 1027 1292 μὲν
1054 1207 1116 1295 γᾶρ
1145 1207 1229 1272 ἔστιν
1254 1205 1367 1292 έπίση-

214 1335 278 1398 μον
299 1315 421 1399 ὄνομα,
443 1316 479 1392 ἓξ
500 1314 574 1396 ἔχον
600 1313 791 1399 γράμματα,
813 1313 877 1380 ῦπδ
910 1316 1041 1382 πάντων
1071 1319 1134 1380 τῶν
1154 1319 1207 1402 τής
1229 1313 1367 1401 κλήσεως

179 1423 480 1508 ίυέπικαλοόμενον.
527 1425 573 1486 Τδ
596 1421 632 1486 δὲ
654 1422 746 1509 παρὰ
766 1434 830 1498 τοῖς
852 1423 971 1511 [πέντε]
996 1424 1090 1488 αίῶσι
1112 1427 1167 1488 τοῦ
1189 1421 1368 1510 πληρῶμα·

214 1555 265 1608 τος
286 1529 460 1616 πολυμερὲς
480 1529 636 1611 τυγχάνον
665 1530 765 1616 ἄλλης
793 1531 857 1596 έσιὶ
887 1535 1015 1618 μορφῆς
1043 1534 1097 1594 καὶ
1124 1527 1231 1615 ἑτέρου
1252 1529 1365 1605 τόπου,

213 1639 447 1724 γινωσκόμενον
468 1637 525 1703 ὑπ’
546 1638 675 1704 έκείνων
696 1641 760 1703 τῶν
780 1643 952 1720 συγγενῶν,
988 1634 1034 1704 ῶν
1065 1640 1105 1703 τά
1132 1639 1254 1724 μεγέθη
1285 1636 1365 1722 παρ’

216 1745 304 1836 αὐτῷ
325 1746 390 1810 erm
413 1745 469 1811 διά
492 1747 621 1822 παντός.

303 1854 354 1919 46.
403 1857 514 1918 Ταῦτα
535 1855 574 1918 τά
597 1853 676 1939 παρ’
695 1851 772 1936 ῦμίν
799 1853 1030 1940 εἰκοσιτέσσαρα
1059 1851 1232 1939 γράμματα
1262 1850 1368 1938 ἄπορ-

179 1964 306 2048 1οροίας
326 1964 459 2041 γίνωσκε
487 1959 644 2048 ὑπάρχειν
668 1964 731 2026 τῶν
760 1964 856 2047 τριῶν
886 1961 1055 2045 δυνάμεων
1087 1959 1275 2048 [είκονικ]οίς
1304 1963 1368 2023 τῶν

216 2069 469 2156 έμπεριεχουσῶν
490 2069 545 2134 τδν
567 2067 645 2133 όλον
669 2069 751 2156 [καὶ]
774 2072 836 2134 τῶν
858 2069 927 2134 ἄνω
951 2072 1111 2150 στοιχείων
1133 2067 1288 2154 ἄριθμόν.
1315 2055 1367 2130 Τά

215 2178 276 2259 μὲν
296 2177 404 2262 γάρ’
380 2197 500 2261 αφωνα
520 2173 693 2262 γράμματα
715 2175 810 2240 έννέα
831 2176 963 2260 νόμισον
978 2177 1061 2241 εἶναι
1076 2199 1130 2241 του
1116 2173 1296 2261 πατρδς
1312 2177 1366 2238 καί

217 2287 270 2369 τῆς
290 2281 488 2370 άληθείας
510 2281 565 2348 διά
587 2281 668 2347 κδ’
645 2283 798 2369 αφάνους
820 2283 936 2361 αδτοῦς
961 2284 1061 2362 είναι,
1090 2281 1289 2349 τυυτέστιν’
1266 2283 1367 2371 αρρή-

728 2423 819 2430 ——.-.-
846 2425 851 2430 .
860 2425 1053 2432 —...——....—-
1063 2424 1227 2430 n—--w-m-
1234 2423 1328 2430 ..η-η..

220 2490 325 2574 ὄνομα
346 2489 518 2570 γενέσθαι,
553 2493 607 2553 καί
635 2488 717 2553 τδ”
697 2511 801 2573 ονομα
831 2491 984 2570 γενέσθαι
1005 2493 1106 2568 τοῦτο,
1129 2491 1147 2554 ὅ
1173 2488 1370 2574 γινώσκομεν

218 2601 272 2662 καί
294 2595 472 2680 λαλοῦμεν,
495 2595 635 2684 Χριστόν
653 2595 790 2683 Ἰησοῦν,
813 2597 832 2661 δ
854 2603 908 2661 καί
931 2595 1140 2681 ὀνομάσασαν
1170 2595 1268 2682 αδτήν
1290 2597 1369 2683 παρ’

218 2703 298 2796 αδτή
320 2708 374 2768 καί
396 2703 528 2789 σιωπήν.
572 2702 821 2791 Προσδοκῶντος
837 2703 873 2768 δὲ
886 2708 941 2769 τοῦ
959 2705 1100 2791 Μάρκου
1112 2703 1225 2769 πλείόν
1243 2727 1272 2769 τι
1287 2705 1368 2788 μέλ-

216 2810 283 2876 λειν
305 2809 404 2896 αὐτήν
427 2809 543 2890 λέγειν,
567 2809 667 2874 πάλιν
688 2809 707 2896 ή
730 2811 892 2898 τετρακτὺς
914 2811 1128 2898 παρελθοῦσα
1150 2813 1196 2888 είς
1216 2813 1251 2876 τό
1268 2814 1367 2896 μέσον

217 2922 331 3004 φησίν·
370 2915 425 2993 Ὡς
445 2915 724 3004 εὐκαταφρόνητον
746 2916 851 3004 ήγήσυι
874 2919 929 2983 τδν
951 2917 1065 2999 λόγον,
1098 2919 1137 2983 δν
1159 2917 1227 2984 ἄπδ
1250 2919 1369 3003 στομά-

216 3047 279 3090 των
300 3029 353 3112 τής
374 3023 574 3112 ἀληθείας
594 3025 744 3112 ήκουσας·
776 3024 816 3089 οδ
836 3027 929 3090 τοῦθ’
950 3025 1029 3114 όπερ
1056 3026 1148 3102 σίδας
1176 3029 1230 3091 καί
1260 3025 1367 3100 δοκοῖς

218 3132 339 3218 (δοκείς
362 3133 436 3199 cod.
468 3135 552 3218 reg.)
587 3131 731 3197 παλαιόν
761 3132 845 3197 ἐστιν
879 3133 1000 3216 ὄνομα·
1036 3134 1149 3220 φωνήν
1176 3136 1238 3221 γάρ
1265 3133 1368 3218 μόνον

216 3239 297 3321 ἔχεις
335 3237 450 3316 αδτοῦ,
485 3239 540 3324 τήν
568 3237 605 3302 δὲ
634 3238 773 3322 δύναμιν
796 3237 931 3320 ἄγνοείς.
982 3239 1099 3333 Ἰησοῦς
1120 3245 1181 3324 μὲν
1200 3242 1263 3327 γάρ
1285 3241 1369 3305 δσιιν

216 3347 370 3432 ἐπίσημον
382 3347 496 3429 όνομα,
516 3349 553 3424 ίξ
567 3347 613 3410 ῶν
627 3345 818 3432 γράμματα,
841 3346 905 3412 ῦπδ
927 3348 1058 3412 πάντων
1077 3352 1140 3413 τῶν
1162 3353 1215 3434 τῆς
1232 3348 1368 3434 κλήσεως

216 3453 460 3538 γινωσκόμενον.
499 3455 546 3518 Τδ
571 3452 720 3539 δὲπαρά
743 3464 808 3530 τοίς
835 3455 929 3519 αίῶσι
958 3459 1014 3519 τοῦ
1035 3453 1246 3542 πληρώματος
1267 3454 1369 3520 πολυ-

215 3565 308 3649 μερὲς
332 3561 489 3642 τυγχάνον
511 3560 611 3648 ἄλλης
633 3560 695 3626 ἐστὶ
715 3563 843 3648 μορφής
864 3567 918 3626 καί
940 3561 1047 3650 ἑτέρου
1069 3563 1184 3641 τόπου,
1212 3563 1369 3644 γινωσκό-

214 3690 312 3754 μενον
332 3667 389 3732 ῦιά
409 3668 538 3734 ἐκείνων
564 3673 627 3732 τῶν
649 3673 825 3749 συγγενῶν,
861 3665 907 3734 ἄν
936 3670 975 3734 τά
1005 3673 1128 3758 μεγέθη
1155 3670 1231 3758 παρ’
1261 3669 1367 3736 αότῶν

214 3779 276 3843 ἐστι
298 3775 484 3852 διαπαντός.
543 3775 639 3842 Ταῦτ’
660 3775 779 3841 οὖντά
800 3779 888 3864 παρ”
904 3775 981 3862 ὑμίν
1001 3778 1239 3866 είκοσιτέσσαρα
1259 3777 1367 3865 γράμ-

214 3906 300 3966 ματα
322 3882 502 3972 ἀπορροίας
523 3883 678 3972 ῦπᾶρχειν
698 3887 831 3965 γίνωσκε
851 3889 914 3951 τῶν
940 3890 1036 3971 τριῶν
1063 3885 1233 3972 δυνάμεων
1254 3887 1372 3952 εἰκονι-

214 3989 274 4067 κός
294 3993 357 4055 τῶν
377 3995 590 4078 περιεχουσῶν
610 3991 665 4056 τόν
689 3991 768 4057 ὅλον
797 3996 861 4057 τῶν
876 3993 945 4058 ἄνα
961 3997 1121 4075 στοιχείων
1139 3993 1194 4059 τόν
1211 3993 1369 4083 ἄριθμόν.

217 4097 269 4164 Τό
289 4103 350 4183 μὲν
370 4099 433 4184 γάρ
455 4099 576 4185 ἄφωνα
597 4099 769 4186 γράμματα
784 4100 880 4164 έννέα
897 4099 1033 4184 νόμισον
1046 4102 1131 4166 είναι
1144 4105 1200 4167 τοῦ
1214 4102 1371 4188 πατρός

215 4210 269 4270 καί
290 4209 343 4293 τής
371 4203 573 4292 ἄληθείας
603 4205 659 4271 διδ
688 4205 722 4271 τδ
752 4206 905 4293 ἄφιόνους
935 4209 1054 4285 αότυδς
1083 4210 1182 4287 είναι,
1217 4212 1371 4275 τουτέστιν

286 4369 594 4446 3.11ροσδοουοκοῦονις(]
710 4373 736 4429 5.
757 4371 958 4472 μηρίνθους
975 4373 1087 4442 ευηδη
1075 4375 1163 4448 ηγήοω
1142 4373 1217 4430 ω.ίλ
1238 4373 1369 4431 Scottus:

215 4463 329 4535 φησίνο
349 4483 415 4528 τω·ς
434 4460 677 4538 Ἦπηθνήγησωῦε
697 4465 778 4538 ηησίν
793 4435 886 4530 σῦτως·
897 4461 1007 4535 Ηπηλο
997 4465 1160 4541 νήγήσωΜ
1232 4463 1335 4523 ῦν.εδ(ί
1342 4465 1373 4522 Μ
