3052 4984
263 325 327 392 ⁴28
369 324 608 412 (pm-272.)
678 329 773 387 um
797 331 863 390 vm.
891 333 942 386 ιε.
971 333 1018 388 ιι.

223 499 412 573 ωάνωθεν,
435 494 574 582 πλη’ρης,
598 493 832 580 α’ποπληροῦσα
854 493 991 573 πάντας,
1015 492 1131 576 ἔχουσα
1153 491 1190 556 έν
1210 491 1325 586 ἑαυτῇ,
1351 491 1429 558 ὅσα

261 609 316 668 καί
338 603 357 670 δ
378 605 557 688 ἄνθρωπος
578 601 660 684 ἔχει,
684 601 701 666 δ
724 602 827 688 πατὴρ
848 605 905 667 τοῦ
926 599 999 666 υἱοῦ
1020 605 1075 666 τοῦ
1097 598 1290 686 α’νθροίπου.

351 711 400 778 11.
445 713 579 790 Γέγονεν
606 706 666 774 οῦν
694 709 827 793 κόσμος,
859 707 903 785 είς
924 725 1003 795 φησι
1023 713 1184 795 Μωυσῆς,
1213 709 1250 772 έν
1270 710 1307 786 έξ
1328 705 1423 796 η’μέ-

260 843 349 904 ραις,
370 819 375 906 Ι
393 821 548 883 τουτέστιν
578 817 615 882 έν
641 819 677 894 έξ
705 815 859 900 δυνάμεσι
888 827 957 892 ταίς
983 817 1021 881 έν
1049 821 1086 909 τῇ
1116 821 1178 900 μιᾷ
1208 821 1322 904 κεραίᾳ
1353 821 1421 883 τοῦ

260 927 355 992 ίιῦτα·
378 923 499 1012 έβδδμη
521 924 720 1000 κατάπαυσις
740 929 795 987 καὶ
816 925 976 1007 σάββατον
998 921 1065 988 άπδ
1086 928 1139 1010 τῆς
1152 923 1335 1009 ἑβδομάδος
1354 927 1419 1006 γέ-

223 1054 333 1113 οογονε
353 1039 407 1120 τῆς
427 1033 495 1097 §aar
597 1035 654 1118 γῆς
676 1036 731 1096 καί
751 1030 867 1108 ὕδατος
888 1037 943 1096 καί
962 1035 1064 1119 πυρδς
1085 1038 1140 1096 καὶ
1161 1031 1272 1118 δέρος,
1302 1035 1340 1112 ἐξ
1363 1031 1419 1098 τίν

260 1139 278 1204 δ
301 1141 418 1225 κόσμος
440 1139 507 1205 α’πδ
524 1143 576 1226 τῆς
592 1141 721 1225 κεραίας
734 1142 844 1219 γέγονε
862 1145 916 1226 τῆς
932 1145 1019 1224 μιᾶς.
1066 1145 1108 1204 01
1119 1164 1151 1204 τε
1163 1141 1227 1227 γδρ
1247 1141 1339 1225 κδβοι
1354 1146 1416 1205 καὶ

259 1249 298 1312 τδ
320 1246 478 1334 δκτάεδρα
500 1251 555 1312 καί
577 1244 613 1310 αλ
634 1245 812 1330 πυραμίδες
832 1251 887 1310 καί
907 1247 1015 1311 πάντα
1035 1246 1074 1310 τά
1093 1244 1213 1321 τούτοις
1229 1245 1416 1334 παραπλη-

260 1373 315 1420 σια
336 1357 498 1442 σχήματα,
522 1355 558 1432 έξ
579 1349 626 1418 νίν
648 1357 810 1440 συνέστηκε
831 1357 911 1439 πῦρ,
935 1351 1015 1440 δηρ,
1039 1352 1143 1440 ὕδωρ,
1173 1358 1229 1440 γῆ,
1253 1352 1321 1418 δπδ
1343 1361 1413 1420 τοῖν

260 1461 414 1548 δριθμοίν
433 1461 583 1544 γεγόνασι
604 1465 667 1526 τῶν
688 1461 944 1547 κατειλημμένων
972 1462 1009 1527 έν
1037 1461 1140 1553 ἐκείνη
1173 1465 1210 1553 τῇ
1239 1461 1327 1554 ἁπλῇ
1350 1467 1411 1528 τοῦ
1503 1531 1506 1560 ,Ἰ

221 1571 338 1635 οοίιῦτα
359 1574 495 1658 κεραίᾳ,
518 1571 583 1658 ηἀς
604 1571 686 1634 ἐστίν
707 1567 776 1645 υἳδς
797 1568 980 1656 α’νθροίπου
1001 1569 1119 1635 τελείου
1141 1570 1267 1646 τέλειος.
1308 1571 1411 1637 Ὀταν

260 1676 332 1755 οδν,
355 1682 468 1764 φησίν,
492 1676 616 1764 ῥάβδον
638 1677 713 1768 λέγη
736 1681 879 1764 Μωῦσῆς
901 1679 1117 1764 στρεφομένην
1133 1678 1286 1754 ποικίλως
1300 1679 1348 1755 είς
1365 1681 1409 1744 εδ

259 1787 355 1872 πάθη
375 1785 414 1849 τά
435 1787 517 1850 κατὰ
539 1785 595 1872 τὴν
616 1787 797 1865 Αἴγυπτον,
830 1785 941 1862 άπνα,
972 1788 1085 1871 φησίν,
1115 1785 1179 1850 ἐστὶ
1205 1789 1259 1872 τῆς
1279 1789 1408 1862 κτίσεως

259 1892 524 1980 ἀλληγορούμενα
547 1892 709 1976 σύμβολα,
733 1890 792 1956 οδιι
813 1892 860 1968 είς
881 1891 1016 1957 πλείονα
1039 1891 1137 1979 πάθη
1155 1896 1218 1957 τῶν
1233 1891 1313 1957 δέκα
1328 1911 1407 1980 σχη-

257 2000 377 2083 ματίζει
399 2003 455 2087 την
476 2000 615 2087 ῥάβδον,
637 2000 702 2087 η’τις
724 2000 806 2064 ἐστίν
827 1999 846 2086 ἢ
869 2003 929 2084 μία
950 2002 1074 2085 κεραία.
1126 2000 1248 2087 Διπλῆ,
1276 2002 1406 2089 ποικίλη
1506 2014 1507 2034 ¹

221 2109 355 2194 οοαῦτη,
380 2111 493 2195 φησίν,
524 2106 647 2194 έστῐνή
672 2106 885 2194 δεκάπληγος,
915 2107 934 2194 ἦ
967 2107 1099 2194 κοσμικη
1132 2111 1235 2183 κτίσις.
1286 2109 1404 2174 Πάντα

257 2225 319 2302 γὰρ
342 2213 547 2302 πλησσόμενα
568 2219 717 2295 γεννᾶται
740 2221 794 2280 καί
815 2227 1037 2302 καρποφορεῖ,
1060 2215 1215 2302 καθάπερ
1239 2213 1275 2280 αί
1296 2219 1404 2302 ἄμπε-

257 2322 317 2388 λοι.
355 2323 549 2410 Ἄνθρωπος
570 2322 606 2400 ἐξ
627 2319 809 2408 άνθριδπου
830 2322 1009 2402 έξέσσυται,
1032 2327 1125 2410 φησί,
1145 2330 1200 2388 καί
1213 2323 1401 2391 ἀποσπᾶται

257 2429 361 2521 πληγῇ
380 2452 440 2495 τινι
461 2429 679 2515 μεριζόμενος,
702 2437 757 2494 ίνα
778 2433 904 2516 γένηται
926 2435 980 2495 καί
1001 2433 1074 2522 εἴπῃ
1096 2431 1214 2515 νόμον,
1244 2433 1283 2498 δν
1303 2433 1401 2520 ἔθηκε

257 2541 401 2624 Μωῦσῆς
420 2540 512 2624 παρδ
534 2541 617 2602 θεοῦ
639 2536 758 2619 λαβών.
810 2537 900 2602 Κατὰ
922 2560 978 2624 την
999 2541 1133 2624 κεραίαν
1152 2539 1276 2626 έκείνην
1298 2539 1316 2606 δ
1339 2541 1397 2606 νδ-

219 2667 316 2730 γομος
336 2645 399 2710 ἐστὶ
420 2647 476 2732 την
497 2648 577 2729 μίαν
598 2644 617 2732 ἦ
640 2642 812 2726 δεκάλογος
834 2643 1057 2731 α’λληγοροῦσα
1087 2647 1126 2710 τὰ
1156 2650 1236 2710 θεία
1257 2653 1320 2714 aar
1340 2649 1397 2714 λδ-

255 2775 321 2834 γων
341 2754 506 2839 μυστήρια.
549 2757 648 2816 Πᾶσα
669 2753 749 2837 γάρ,
774 2755 887 2839 φησίν,
920 2749 938 2839 ἢ
960 2757 1075 2834 γνῶσις
1096 2757 1160 2818 τοῖν
1188 2753 1274 2818 ὅλων
1301 2753 1397 2820 δεκά-

255 2860 376 2947 πληγδς
397 2861 461 2926 έστι
482 2865 537 2926 καὶ
559 2859 748 2940 δεκάλογος,
783 2861 823 2946 ἢν
850 2859 937 2925 οἶδεν
968 2859 1073 2937 οὐδεὶς
1094 2865 1157 2927 τῦν
1178 2866 1251 2950 περὶ
1270 2864 1304 2928 τδ
1325 2867 1396 2945 γέν-

256 2991 340 3055 νημα
362 2973 415 3054 τῆς
436 2968 572 3054 θηλείας
592 2967 856 3053 πεπλανημένων.
902 2971 973 3032 Κᾶν
994 2971 1086 3058 εἴπης
1100 2969 1308 3052 πεντάπυχον
1321 2970 1395 3036 δλον

254 3079 310 3141 τὸν
331 3076 447 3159 νόμον,
471 3075 553 3140 ἔστιν
575 3074 642 3140 δπδ
663 3080 716 3161 τῆς
737 3074 893 3151 πεντάδος
913 3079 966 3162 τῆς
993 3076 1030 3141 έν
1053 3081 1090 3168 τῇ
1110 3081 1171 3161 μιᾷ
1192 3078 1395 3165 κατειλημμέ-

217 3204 311 3270 τενης
332 3185 455 3267 κεραίᾳ.
514 3183 560 3246 Ta
585 3181 620 3246 δὲ
643 3181 721 3247 δλον
742 3183 819 3259 έστί,
855 3186 949 3270 φησί,
981 3195 1045 3260 τοϊς
1072 3187 1116 3272 μὴ
1138 3185 1395 3272 πεπληρωμένοις

254 3290 417 3366 παντελῶς
438 3291 492 3377 την
515 3288 664 3354 διάνοιαν
684 3289 873 3376 μυστήριον,
903 3291 997 3377 καινὴ
1024 3296 1078 3355 καὶ
1104 3292 1148 3379 μη
1176 3291 1394 3382 παλαιουμένη

254 3397 362 3485 ἑορτή,
385 3396 536 3480 νόμιμος,
559 3396 690 3473 αίοίνιος
711 3398 756 3474 είς
777 3401 833 3473 τὰς
853 3399 962 3478 γενεδς
984 3397 1083 3484 ημῶν,
1106 3404 1216 3485 κυρίου
1237 3405 1294 3465 τοῦ
1313 3405 1393 3467 θεοῦ

253 3505 374 3587 πάσχα,
398 3503 646 3592 διατηρούμενον
665 3515 731 3580 τοϊς
751 3503 941 3590 δυναμένοις
955 3506 1086 3590 βλέπειν
1105 3507 1333 3596 έναρχοΙμένης
1345 3513 1393 3596 τῆς

253 3646 346 3720 ῥυεῖσα
364 3642 482 3721 ἄνωθεν]
500 3646 563 3699 ἰῶτα
580 3647 609 3699 έν
624 3647 676 3719 μιᾷ
694 3651 802 3721 κεραίην,
822 3647 911 3720 ροτίση
932 3645 1039 3702 ἄνωθεν
1057 3644 1079 3701 C
1097 3645 1137 3704 Μ.
1175 3647 1217 3704 Cf.
1237 3651 1308 3706 infra
1327 3649 1390 3718 LX,

253 3757 278 3792 ο.
300 3739 341 3792 17.
361 3757 388 3810 p.
410 3739 471 3804 325,
490 3740 535 3792 20.
556 3739 600 3792 21.
621 3738 664 3793 εδ.
685 3736 737 3794 Ox.
889 3739 933 3794 50.
953 3739 1061 3811 πλὴρης]
1080 3739 1226 3814 πλήρειςῦ
1349 3746 1389 3800 52.

250 3845 308 3901 τηρ.
337 3823 607 3893 01.1αίτε1.Χ,α.
629 3827 671 3882 17.
700 3845 728 3900 p.
746 3827 809 3892 325,
827 3827 863 3882 23
881 3845 940 3901 sqq.
968 3827 1011 3882 ed.
1032 3827 1085 3884 01.
1221 3834 1266 3888 5⁴.
1295 3833 1391 3906 σάρργ.

248 3917 304 3996 τον]
334 3919 466 3991 σαββάτου
497 3917 518 3975 C
693 3919 737 3973 55.
763 3917 838 3972 luter
860 3920 912 3975 ἐκεῖ
942 3929 971 3975 εί
995 3923 1043 3993 γῆς
1070 3923 1197 3978 lacunam
1221 3925 1390 3997 signavimus,

251 4029 313 4068 eum
340 4013 428 4068 maior
459 4030 522 4086 pm
552 4012 794 4084 argumentationis
819 4011 959 4068 interiisse
986 4012 1119 4069 τίδεειοτ.
1176 4014 1220 4072 Cf.
1248 4035 1293 4084 ει,
1323 4037 1389 4092 quae

249 4123 331 4178 τωρτε
358 4125 384 4179 ρ.
414 4108 482 4172 126,
510 4106 641 4161 36-38
665 4105 807 4175 leguntur,
832 4123 894 4160 cum
922 4105 970 4172 iis,
996 4124 1066 4180 quae
1092 4106 1162 4162 ἰοίτε
1190 4109 1209 4163 Ι.
1233 4107 1276 4176 Χ,
1305 4127 1328 4165 c.
1350 4111 1388 4166 17.

249 4214 276 4269 p.
296 4197 358 4262 325,
379 4197 411 4252 19
430 4205 522 4252 exunt
672 4197 788 4252 56-60.
810 4194 852 4253 Cf.
872 4215 934 4253 cum
953 4198 995 4253 his
1014 4197 1092 4254 ΡΙειο
1109 4203 1169 4255 Tim.
1188 4218 1215 4273 p.
1229 4203 1273 4256 53.
1288 4197 1319 4256 C.
1334 4219 1387 4276 sqq.

249 4291 293 4345 57.
312 4287 416 4366 καλαί]
435 4289 481 4344 καί
499 4285 521 4344 C
539 4286 578 4342 Μ.
617 4285 744 4343 (11.1ο1τε
763 4290 782 4343 l.
803 4290 821 4343 1.
991 4293 1034 4346 61.
1062 4290 1165 4365 ῥάυδον
1188 4289 1219 4348 C.
1263 4291 1306 4348 Cf.
1331 4311 1388 4348 cum

248 4381 292 4436 his
311 4392 428 4454 atquae
447 4390 601 4454 sequuntur
618 4378 721 4434 2Μοε.
741 4383 758 4436 7
777 4399 835 4455 τηρ.
988 4385 1031 4438 63.
1058 4383 1287 4462 ἀλληγορούμενα]
1317 4383 1389 4452 ἀλλη-

249 4473 334 4548 γδρου
356 4471 377 4529 C
529 4469 603 4548 δέκα]
623 4471 727 4528 δοίδυκα
746 4470 768 4528 C
786 4471 816 4530 Μ
967 4476 1011 4531 53.
1031 4477 1076 4532 64.
1102 4469 1243 4552 σχηματίζη
1266 4477 1311 4546 τὴν
1329 4477 1389 4552 ῥάν-
