2920 4982
469 303 646 364 vsntrtrts
670 304 851 364 boctbttts.
1172 299 1235 368 537

96 480 147 545 dci
170 478 320 546 cultorum
345 485 376 541 et
398 495 488 560 quam
511 476 656 540 diluvium
685 476 791 557 utiquo
822 471 1046 540 ostenduntur:
1079 474 1184 558 quidni
1207 483 1238 539 et

93 589 247 654 barbarae
269 598 299 653 et
325 594 477 672 quotquot
499 589 529 651 in
553 586 666 652 mundo
691 595 720 651 et
745 585 891 669 cognitae
915 591 987 649 sunt
1010 593 1041 648 et
1063 585 1238 670 incognitae

94 699 233 762 iuniores
254 695 301 762 bis
326 696 543 779 apparebunt?
587 695 681 759 liuius
704 696 797 780 igitur
820 693 980 758 doctrinae
1011 694 1097 774 potiti
1130 691 1238 755 discite

95 806 222 886 Graeci,
256 806 418 892 Aegyptii,
454 805 598 870 Cbaldcei
636 822 792 887 omneque
824 819 925 888 genus
957 800 1130 886 hominurn,
1167 800 1239 884 quid

94 935 209 980 numen
233 917 366 980 divinum
392 933 535 998 quaeque
566 915 655 978 huius
685 913 768 978 bene
798 914 968 996 composita
997 912 1037 974 sit
1065 911 1198 994 tainica,
1221 929 1278 978 aaa

94 1025 196 1111 nobis,
220 1026 269 1090 dei
294 1025 408 1110 arnicis,
434 1032 465 1088 et
487 1027 538 1107 qui
563 1042 626 1088 non
647 1025 798 1088 iactanter
820 1023 880 1088 hoc
902 1021 1061 1105 coluimus,
1084 1019 1139 1084 sed
1153 1023 1240 1084 veri-

93 1133 165 1198 tatis
189 1135 317 1198 scientia
345 1151 465 1215 usuque
498 1132 670 1198 modestiae
699 1133 738 1197 ad
767 1151 836 1198 earn
868 1130 1137 1197 demonstrandum
1167 1147 1239 1194 ser-

94 1259 205 1306 mones
227 1242 366 1305 facimus.

182 1348 233 1414 32.
276 1351 359 1414 Deus
382 1367 478 1432 unus,
515 1350 628 1432 primus
657 1355 689 1411 et
718 1347 803 1413 solus
827 1354 858 1412 at
880 1348 1095 1412 universorum
1117 1356 1241 1413 creator

95 1465 130 1523 ot
153 1458 312 1541 dominus,
345 1476 495 1523 coaevum
517 1455 622 1521 babuit
646 1455 741 1541 nibil,
773 1475 834 1520 non
858 1457 954 1522 chaos
976 1459 1123 1522 inlinitum
1136 1509 1144 1544 ,
1177 1471 1277 1523 nonas

94 1585 205 1648 aquam
228 1568 406 1630 immensam
429 1565 479 1629 vol
501 1573 613 1629 terram
637 1564 784 1650 solidam,
815 1583 878 1628 nan
902 1574 975 1630 abra
999 1565 1147 1652 densum,
1178 1583 1240 1630 non

94 1677 198 1759 ignem
222 1675 367 1759 calidum,
398 1695 460 1740 non
491 1677 626 1758 spiritum
658 1682 802 1759 tenuem,
826 1693 889 1739 non
922 1677 1000 1741 caeli
1033 1677 1135 1760 magni
1164 1697 1242 1761 cyu-

95 1804 187 1849 neam
211 1803 376 1866 cameram3
411 1785 466 1850 scd
490 1792 557 1848 erat
586 1803 682 1869 unus,
712 1784 797 1847 solus
820 1802 875 1867 pro
899 1803 947 1871 sa,
979 1787 1031 1870 qui
1055 1785 1125 1850 dum
1149 1787 1242 1851 voluit

94 1893 170 1957 lecit
193 1896 294 1958 omnia
318 1911 397 1976 quae
412 1901 492 1976 sunt,
508 1911 588 1975 quae
611 1910 674 1955 non
691 1900 779 1956 erant
796 1899 898 1976 anteo,
921 1894 978 1958 nisi
994 1895 1077 1976 quod
1095 1894 1191 1960 voluit
1205 1913 1242 1959 ea

96 1999 222 2085 lacere,
246 2006 350 2084 utpote
373 2019 487 2083 gnarus
511 2000 702 2079 luturorurn;
738 1999 826 2064 adast
850 2001 930 2063 enirn
954 2003 982 2065 ei
1006 2009 1037 2065 et
1060 2005 1262 2084 praesciunt-1

96 2111 149 2173 tia.
194 2109 324 2174 Diversa
352 2116 452 2174 autern
474 2109 569 2172 rebus
592 2107 700 2172 laturis
730 2108 880 2190 principia
913 2109 995 2190 prius
1026 2109 1241 2201 fabricabatur,

97 2217 202 2300 ignem
226 2223 257 2278 ct
278 2216 431 2300 spiritum,
460 2234 567 2297 aquarn
593 2224 624 2279 et
646 2224 773 2301 terram,
806 2214 979 2297 exquibus
1003 2216 1132 2282 diversis
1155 2237 1242 2284 suam

97 2329 269 2386 creaturam
295 2322 445 2408 iaciebat,
476 2329 506 2387 et
533 2325 591 2388 alia
616 2325 739 2405 quidam
771 2325 859 2388 unius
882 2324 1087 2412 substantiae,
1121 2326 1178 2392 alin
1202 2347 1242 2392 ax

97 2429 234 2514 duabus,
269 2429 326 2494 alia
363 2448 403 2493 ex
432 2429 541 2516 tribus,
577 2432 635 2495 alia
666 2453 706 2496 ex
733 2439 876 2514 quattuor
905 2431 1080 2514 colligabat.
1137 2433 1175 2497 Et
1203 2446 1266 2500 eas

98 2537 239 2619 quidem,
268 2557 348 2620 quae
378 2558 418 2602 ex
448 2559 528 2625 uno,
562 2541 745 2606 immortalia
775 2548 881 2621 erant;
913 2540 1026 2605 solutio
1064 2541 1144 2604 enirn
1179 2559 1241 2606 non

98 2649 318 2729 consequitur3
347 2663 440 2711 unurn
464 2647 545 2710 enirn
569 2648 652 2728 quod
676 2656 723 2714 ast
743 2667 906 2731 nurnquarn
930 2647 1131 2728 dissolvetur;
1162 2667 1242 2730 quae

98 2763 201 2820 autam
224 2773 265 2818 ex
286 2755 406 2820 duobus
430 2754 478 2817 vel
503 2755 598 2819 tribus
622 2756 671 2818 vel
695 2763 856 2841 quattuor,
887 2754 1045 2840 solubilia,
1075 2763 1241 2838 propterea

98 2869 130 2925 et
153 2861 290 2926 mortalia
314 2862 523 2942 nominantur;
554 2881 637 2926 mors
661 2864 742 2928 eninr
767 2865 827 2927 boc
851 2869 959 2926 vocata
982 2871 1045 2946 est,
1075 2863 1241 2948 ligatorum

97 2969 223 3034 solutio.
268 2969 462 3034 sufficienter
484 2972 577 3054 igitur
602 2975 703 3054 [puto]
727 2989 775 3034 rne
797 2973 856 3033 iarn
879 2987 954 3034 sana
985 2978 1089 3034 mente
1116 2970 1280 3053 praedi-to

98 3077 138 3139 tis
160 3077 379 3161 respondisse,
407 3078 474 3162 qni,
503 3080 527 3141 si
551 3077 690 3141 discendi
720 3076 822 3160 cupidi
853 3082 943 3139 erunt
973 3082 1004 3138 at
1032 3075 1141 3139 borum
1165 3077 1244 3141 sub·
1281 3069 1284 3074 “

96 3185 226 3248 stantius
249 3201 438 3266 caussasque
460 3186 642 3250 universalis
672 3183 808 3248 iubricae
840 3184 1016 3267 anquirunt,
1052 3192 1244 3268 cognoscent
1295 3173 1299 3182 “

97 3290 209 3354 lecturi
231 3298 368 3356 nostrum
391 3292 498 3357 librurn
510 3343 519 3376 ,
552 3295 604 3375 qui
634 3294 766 3373 scriptus
797 3296 844 3352 est
867 3288 913 3351 De
935 3291 1072 3356 universi
1095 3291 1244 3356 substan-

99 3401 156 3477 tia;
190 3417 270 3462 nunc
300 3407 400 3464 autern
431 3401 587 3466 sufficiens
622 3418 693 3464 asse
724 3397 907 3480 exposuisse
939 3414 1081 3476 caussas,
1116 3416 1243 3479 quarum

100 3505 199 3587 ignari
217 3505 327 3570 Graeci
349 3508 500 3570 iactanter
520 3515 623 3590 partes
647 3514 809 3571 creaturae
833 3503 1093 3589 glorificaverunt,
1117 3512 1281 3570 creato-sa

101 3631 165 3676 rern
189 3631 256 3677 cunr
280 3614 479 3695 ignorarent;
510 3633 526 3674 a
550 3617 659 3695 quibus
690 3617 872 3680 occasiones
902 3611 984 3676 nacti
1008 3609 1244 3677 haeresiarchae

102 3769 281 3841 sequentibus
298 3767 603 3845 ci.‘0pssiia‘1nnolairoo
615 3776 705 3843 εῑςτῆν
718 3775 821 3844 αἳρεσιν
836 3770 935 3838 Noritae
947 3767 1018 3831 τινός
1043 3769 1073 3844 s.
1088 3771 1105 3824 9
1124 3788 1184 3843 sqq.
1204 3773 1244 3836 (8.

104 3867 232 3936 Hippolyti
245 3869 309 3938 Opp-
326 3866 369 3921 ed.
379 3867 415 3919 Io.
426 3869 483 3922 Ali,
494 3869 632 3921 Fabricius
644 3863 706 3922 Vol.
720 3865 744 3920 ΙΙ
755 3885 782 3937 p.
799 3867 830 3918 i2
839 3883 899 3938 sqq.
919 3893 953 3904 -
983 3865 1114 3935 Hippolyti
1133 3867 1245 3918 Romani

102 3975 168 4026 puae
184 3962 404 4022 [mansonario
421 3959 518 4012 Graeco
532 3977 545 4030 ‚⁸
561 3961 730 4029 recognitione
743 3961 818 4014 Pauli
836 3959 943 4012 Antonii
955 3961 985 4010 de
996 3959 1122 4028 Lagaris,
1141 3957 1209 4027 Lipa.
1223 3968 1247 4009 et

104 4051 211 4103 Madia.
227 4051 306 4104 1858.
316 4069 341 4122 p.
358 4053 393 4104 59
406 4052 477 4124 sqq.)
532 4053 556 4104 6.
569 4049 719 4121 ipogrirli.
731 4047 860 4104 Scottus:
878 4048 990 4123 μορφήν
1002 4047 1024 4102 C
1036 4047 1066 4102 Μ
1086 4047 1244 4103 liuoaenius

104 4141 130 4195 7.
144 4140 211 4206 πλὴν
224 4139 272 4210 in]
283 4140 350 4208 πλὴν
360 4139 399 4198 ὅτε
411 4141 432 4198 C
444 4142 474 4198 M
487 4142 642 4198 Baasanias
697 4143 723 4200 9.
735 4139 774 4218 cli]
786 4161 810 4196 re
824 4139 883 4196 CM
898 4140 1054 4196 Bunaaoius
1110 4143 1151 4195 12.
1162 4139 1245 4219 λύσις]

102 4228 208 4292 trioni}
226 4232 338 4304 ubique.
356 4229 384 4286 Μ
475 4238 516 4291 16.
528 4229 576 4289 οὖν
589 4231 677 4310 οἶμαι]
698 4228 747 4287 oia
766 4230 828 4288 CM
844 4231 1011 4296 Bunseuiur,
1028 4233 1075 4305 qui
1095 4242 1158 4306 post
1175 4236 1247 4288 elatu

105 4320 153 4375 lin.
165 4323 200 4376 20
211 4325 290 4397 clpam
308 4325 351 4380 rel
366 4325 485 4400 ἡγοῦμαι
495 4327 538 4382 sel
552 4327 641 4380 simile
653 4326 720 4400 quid
734 4325 869 4380 excidisse
885 4331 962 4395 pulsi
1036 4326 1077 4380 19.
1092 4327 1133 4382 20.
1153 4325 1247 4380 isuaia

103 4411 184 4492 sirus]
206 4419 276 4471 sirm
303 4419 397 4473 isuaia
419 4420 492 4476 coni.
518 4417 663 4489 Rusperus
777 4419 822 4471 20.
852 4415 964 4488 γνῶντες
988 4414 1010 4472 C
1136 4417 1247 4495 κομψῷ]

102 4510 220 4580 nupngit
397 4513 442 4569 22.
463 4510 578 4590 ὁμοίως]
599 4514 705 4573 οἰκείοις
723 4526 798 4582 susp.
818 4507 851 4565 ll.
873 4507 984 4564 Scottus
