3050 4988
158 365 161 368 -
241 315 311 384 284
356 317 578 406 [p.19³.194.]
664 324 900 401 manum.
924 327 975 390 ου.

246 484 368 571 σάματι
389 492 546 554 κατοικιῦυ
565 495 610 578 τῷ
630 489 741 580 δλικηῦ,
764 491 785 556 δ
804 491 889 557 ἐστιν
909 490 928 556 δ
951 485 1103 578 ῦλικός,
1126 487 1293 575 φθαρτός,
1316 487 1395 553 δαέ-

207 593 346 673 ῡίλειος,
368 595 405 660 ἐκ
425 601 478 682 τῆς
499 595 684 684 διαβολικῆς
704 597 815 673 οῦσίας
844 597 1077 681 πεπλασμένος.
1122 595 1205 660 Ἔστι
1235 594 1271 659 δὲ
1300 590 1397 672 οὗτος

247 699 436 778 δδλικδς
457 704 688 791 ἄνθρωπος
708 704 807 770 οἱονεὶ
826 707 895 771 κατ’
922 704 1038 780 αὐτοῦς
1058 702 1253 786 πανδοχεῖον
1273 707 1295 790 ἢ
1314 727 1393 768 κατ-

245 808 424 895 οικητήριον
453 814 529 875 ποτε
550 813 612 895 μὲν
631 815 739 901 ψυχῆς
770 812 883 897 μόνης,
914 815 990 878 ποτὲ
1012 810 1048 875 δὲ
1069 813 1177 899 ψυχῆς
1197 813 1252 874 καί
1273 807 1394 894 δαιμό-

245 937 321 992 νιον,
344 919 420 980 ποτὲ
441 915 478 981 δὲ
499 921 607 1004 ψυχῆς
629 922 684 982 καὶ
704 917 820 999 λόγοιν,
843 921 955 995 οίτινές
976 919 1035 983 είσι
1057 916 1147 998 λόγοι
1169 917 1302 982 άνοιθεν
1314 941 1392 981 κατ-

244 1024 438 1106 εσπαρμένοι
471 1021 539 1088 όπδ
560 1027 629 1089 τοῦ
660 1029 799 1090 κοινοῦ
831 1029 902 1090 τσῦ
934 1023 1196 1111 πληρώματος
1226 1028 1392 1109 καρποῦ

207 1131 299 1192 sonat
312 1132 365 1214 τῆς
386 1133 539 1216 σοφίας
559 1131 605 1206 είς
624 1135 735 1197 τοῦτον
746 1131 802 1196 τδν
816 1131 947 1216 κόσμον,
969 1135 1185 1208 κατοικοῦντες
1197 1132 1234 1196 ἐν
1250 1131 1389 1219 [σῶμα]

228 1257 273 1300 -ιι
293 1241 391 1324 χοίκηί
411 1239 490 1320 μετὰ
519 1241 642 1324 ψυχῆς,
675 1239 754 1304 όταν
785 1238 935 1322 δαίμονες
965 1239 1009 1326 μη
1042 1241 1209 1304 συνοικῦσι
1232 1242 1268 1330 τῇ
1289 1241 1391 1328 ψυχῇ.

235 1346 352 1410 ’Τοῦτο
367 1344 441 1422 ἐστί,
457 1347 544 1430 φησί,
564 1346 598 1410 τδ
615 1349 835 1432 γεγραμμένον
851 1347 887 1411 ἐν
899 1371 935 1438 τη
944 1349 1077 1437 γραφῇ·
1102 1345 1252 1411 Τούτου
1270 1345 1390 1432 χάριν

245 1450 413 1533 κάμπτω
434 1451 479 1516 τά
499 1453 652 1532 γόνατά
672 1475 750 1537 μου
772 1454 867 1540 πρδς
895 1453 966 1518 τόν
998 1453 1097 1518 θεὸν
1129 1456 1198 1517 καί
1218 1454 1389 1540 ’πατέρα

245 1561 316 1622 καί
337 1556 483 1644 κόριον
513 1562 582 1624 τσῦ
615 1551 771 1645 κυρίου
795 1558 903 1644 ημιῦν
929 1557 1056 1646 ’[ησσῦ
1085 1561 1284 1644 Χριστοῦ,
1318 1565 1389 1623 ίνα

207 1656 330 1751 ίῡδρλη
358 1660 451 1747 δμίν
473 1663 491 1729 δ
513 1666 615 1740 θτδς
647 1669 894 1752 κατοικῆσαι
924 1667 995 1731 τόν
1023 1665 1202 1751 Χριστόν
1229 1665 1289 1742 τίς
1319 1665 1390 1730 τδν

245 1769 325 1834 ἔσω
348 1771 596 1857 ἄνθρωπον,
618 1775 752 1836 τουτέστι
773 1773 829 1838 τδν
860 1771 1017 1861 ψυχικόν,
1050 1769 1090 1836 οῦ
1119 1772 1174 1837 τόν
1199 1772 1386 1856 σωματικόν,

244 1883 316 1943 ίνα
337 1876 573 1964 ἐξισχύσητε
594 1883 749 1964 νοῆσαι,
772 1881 807 1943 τί
827 1881 868 1943 τδ
889 1878 1040 1962 βάθος,
1063 1875 1142 1964 όπερ
1170 1877 1254 1943 ἐστίν
1274 1877 1292 1943 δ
1314 1900 1388 1943 πα-

244 1985 315 2069 τηρ
336 1987 399 2048 τόν
420 1983 515 2062 όλιον,
537 1990 604 2049 καὶ
626 1989 661 2049 τί
682 1986 727 2050 τδ
748 1985 913 2064 πλάτος,
927 1985 1025 2074 οῦπερ
1046 1985 1129 2057 ἐστίν
1161 1985 1179 2051 δ
1213 1985 1386 2072 σταυρός,

246 2086 264 2154 δ
286 2089 361 2178 όρσς
383 2093 438 2156 τοῦ
458 2089 680 2179 πληροίμαιος,
700 2095 723 2179 η’
741 2096 782 2157 τί
802 2091 841 2157 τδ
862 2095 1005 2179 μῆκος,
1028 2095 1163 2158 τουτέστι
1178 2092 1212 2157 ιδ
1229 2091 1387 2180 πλήρωμα

207 2199 309 2260 Ἰθαῦν
329 2195 469 2262 αδοίνων.
521 2197 584 2262 Διὰ
604 2198 610 2286 Ι
628 2201 718 2263 τοῦτο
746 2197 937 2286 ψυχικδς,
961 2201 1067 2285 φησίν,
1095 2198 1321 2286 ἄνθρωπος
1341 2197 1387 2264 οῦ

246 2301 408 2385 δέχεται
438 2303 484 2368 τοὶ
518 2307 588 2369 τοῦ
618 2305 856 2388 πνεύματος
890 2310 960 2370 τοῦ
993 2307 1112 2370 θεοῦ·
1143 2308 1279 2393 μωρία
1309 2305 1385 2393 γάρ

247 2407 352 2497 αῦτηῦ
373 2410 467 2491 ἐστί·
489 2415 596 2497 μωρία
612 2411 666 2490 δέ,
690 2415 804 2498 φησίν,
826 2412 909 2477 ἐστιν
927 2411 946 2498 ἡ
962 2411 1166 2496 δόναμιςτυῦ
1184 2411 1385 2499 δημιουργοῦ,

242 2518 352 2603 μαρδς
371 2521 434 2604 γάρ
455 2516 496 2604 ἦν
517 2523 572 2583 καί
594 2519 710 2597 ἄνους,
732 2523 787 2583 καί
807 2517 949 2602 ἐνόμιζεν
978 2516 1073 2593 αῦτδς
1103 2517 1304 2608 δημιουργεῖν
1333 2519 1388 2584 τόν

247 2624 377 2708 κόσμον,
400 2623 537 2706 όγνοῦν,
554 2624 720 2690 δαπάντα
741 2623 761 2711 ἢ
784 2629 928 2710 σοφία,
951 2623 1104 2713 ημήτηρ,
1127 2623 1282 2712 ἢδγδοὰς
1298 2626 1387 2714 ἐνερ-

206 2731 295 2810 ίίγετ
314 2729 402 2820 αὐτῷ
423 2731 504 2820 πρός
524 2732 581 2819 ἢν
601 2735 699 2798 κάσιν
719 2733 775 2796 τοῦ
796 2731 916 2822 κόσμου
939 2729 997 2796 οῦκ
1017 2729 1126 2796 εἰδότι.

331 2839 384 2906 35.
427 2839 553 2918 Πάντες
573 2836 633 2904 οῦν
654 2835 686 2903 οἱ
706 2843 869 2924 προφῆται
890 2837 982 2903 καῖδ
1006 2837 1105 2922 νόμος
1130 2836 1292 2924 ἐλάλησαν
1319 2836 1386 2904 δπδ

244 2947 300 3010 τοῦ
322 2944 534 3033 δημιουργοῦ,
555 2949 666 3032 μωροῦ
687 2945 772 3025 λέγει
792 2947 892 3022 θεοῦ,
915 2949 1017 3030 μωροὶ
1037 2942 1134 3008 οῦδὲν
1154 2943 1281 3018 εἰδότες.
1322 2944 1386 3008 Διὰ

244 3039 344 3129 τοῦτο,
367 3055 463 3138 φησί,
486 3052 570 3133 λέγει
592 3050 611 3117 ό
633 3052 752 3138 σωτήρ·
785 3051 944 3126 Πάντες
965 3047 1005 3115 οἳ
1024 3052 1101 3139 πρδ
1124 3052 1225 3135 ἐμοῦ
1243 3050 1385 3138 ἐληλυ-

244 3155 365 3234 θότὲς
385 3157 559 3224 κλέπται
580 3162 645 3223 καὶ
665 3157 801 3250 λησταέ
821 3158 914 3235 είσί,
937 3156 1023 3222 καῐδ
1041 3143 1234 3234 ἀπόστολος·
1256 3160 1295 3223 τδ
1316 3179 1386 3242 μυ-

204 3265 401 3352 εοστηριον
431 3266 450 3330 δ
481 3276 568 3342 ταῖς
599 3268 815 3351 προτέραις
851 3273 1012 3345 γενεαίς
1045 3261 1116 3330 οῦκ
1148 3263 1385 3350 ἐγνωρίσθη.

246 3370 361 3447 Οῦδεῐς
380 3374 452 3458 γὰρ,
476 3375 567 3458 φησί,
589 3375 653 3438 τῦν
672 3375 846 3459 προφηαόν
865 3373 968 3458 εἴρηκε
988 3375 1061 3457 περὶ
1080 3371 1198 3438 τρόπον
1212 3371 1319 3450 οῦδὲν,
1341 3368 1387 3436 οίν

243 3477 332 3566 ἡμεῖς
353 3477 501 3562 λέγομεν·
522 3477 662 3564 ῆγνοιίτο
682 3478 761 3566 γάρ·
792 3478 899 3543 πάντα
1034 3477 1089 3542 οἶα
1118 3477 1158 3564 δη
1189 3477 1257 3543 aaa
1283 3479 1385 3564 μόνου

243 3588 299 3652 τοῦ
320 3585 512 3672 δημιουργοῦ
531 3585 741 3671 λελαλημένα.
790 3583 860 3650 'Ovs
887 3581 947 3650 οῦν
973 3584 1061 3660 τέλος
1087 3584 1204 3668 ἔλαβεν
1230 3582 1250 3671 λγ
1281 3587 1384 3664 κτίσις,

243 3697 298 3758 καὶ
320 3693 385 3758 ἔδει
405 3691 522 3758 λοιπὸν
542 3695 696 3773 γενέσθω
718 3691 773 3778 την
795 3689 1008 3778 ἀποκάλυψιν
1028 3693 1091 3756 τῦν
1112 3687 1192 3756 υίιῦν
1213 3695 1270 3756 τοῦ
1292 3693 1385 3769 θεοῦ,

203 3802 378 3864 ειτυυτέσιι
396 3802 453 3865 τοῦ
475 3797 682 3886 δημιουργοῦ,
704 3798 760 3885 την
780 3797 1063 3883 ἐγκεκαλυμμένην,
1085 3796 1142 3884 ἤν,
1164 3799 1276 3884 φησίν,
1297 3799 1385 3880 ἐγκε-
1515 3881 1516 3906 η

243 3904 384 3971 κάλυπσο
408 3905 425 3970 ό
448 3906 586 3992 ψυχικδς
608 3907 800 3992 ἄνθρωπος,
824 3909 878 3967 καί
898 3905 961 3986 εἶχε
982 3903 1136 3988 κάλυμμα
1158 3904 1213 3968 ἐπί
1228 3903 1284 3990 τὴν
1305 3927 1397 3990 νεαρ·-

245 4010 336 4077 δίαν·
362 4010 458 4077 δπότε
479 4010 538 4077 σῦν
560 4011 625 4078 ε’δει
646 4011 793 4098 δρθηναι
813 4011 847 4074 τό
870 4009 1023 4094 κάλυμμα
1044 4014 1099 4073 καὶ
1119 4008 1270 4096 ὀφθῆναι
1287 4012 1385 4077 ταῦτα

243 4119 283 4185 τά
303 4120 458 4207 μυστήρια
460 4167 475 4198 ,
496 4121 676 4205 γεγέννηται
703 4117 721 4183 δ
740 4116 868 4205 Ἰησοῦς
887 4116 942 4181 διδ
972 4117 1108 4203 Μαρίας
1136 4121 1190 4202 τῆς
1215 4118 1385 4203 παρθένου

315 4266 361 4321 54.
380 4265 394 4320 δ
410 4263 510 4342 ῦλικός]
528 4264 621 4328 ῦλικός
637 4261 659 4320 C
677 4261 707 4318 Μ
833 4263 876 4318 54.
897 4263 942 4318 55.
970 4259 1092 4339 διίλειος]
1117 4263 1212 4325 τέλειος
1236 4259 1273 4318 C:
1296 4263 1385 4324 τελέως

244 4373 320 4429 nup.
338 4353 369 4412 Μ
484 4357 601 4412 62-69.
621 4351 833 4426 (1ο.Ερ1ιιι.υ,
854 4353 894 4408 14.
915 4353 1033 4410 16-162
1058 4354 1148 4410 τοῦτον
1167 4354 1254 4427 χάριν
1273 4354 1384 4429 κάμπτω

243 4448 274 4502 τὰ
291 4446 391 4519 γόνατά
409 4467 465 4520 μου
482 4449 552 4520 πρὸς
570 4447 615 4501 τόν
632 4447 732 4519 πατέρα
750 4445 808 4517 (τοῦ
824 4449 919 4518 κυρίου
937 4443 1015 4518 ἡμῶν
1028 4443 1110 4514 Ἰησοῦ
1122 4445 1239 4519 Χριστοῦ
1253 4445 1315 4501 εδδ.
1334 4446 1382 4501 ala
