3002 4958
590 307 790 366 astuonool.
1217 297 1259 362 63

115 496 228 561 saepe,
251 479 299 538 cui
321 475 414 538 letale
437 483 484 539 est
505 478 536 542 in
561 495 645 540 mare
666 476 820 559 demergi,
843 489 965 555 omnes,
988 474 1040 554 qui
1064 470 1175 534 eadem
1190 471 1260 532 navi

113 585 285 667 vehamur,
308 602 368 646 una
394 582 565 648 demersum
590 584 635 648 iri.
688 583 748 646 Cur
779 583 858 646 enim
889 581 976 644 huius
1004 578 1096 643 latum
1119 577 1262 658 reliquo-

113 712 183 758 rum
206 694 340 755 omnium
362 691 421 754 lata
453 693 549 756 vincit
568 700 601 755 et
622 709 686 755 non
716 698 844 774 propter
867 706 973 770 unum,
1010 687 1060 750 cui
1089 684 1183 750 letale
1215 693 1300 750 estso

113 805 144 864 iu
169 808 252 863 terra
277 801 368 882 mori,
392 798 503 881 reliqui
526 817 635 863 omnes
659 796 906 862 conservantur?

200 907 230 972 o.
278 906 340 971 Sed
363 907 506 987 quoniam
532 916 563 969 et
586 907 625 970 de
648 909 807 989 signorum
830 910 984 987 potestate
1012 919 1188 966 sermonem
1210 901 1262 963 in·-

118 1017 257 1098 stituuut,
282 1015 392 1097 quibus
415 1015 500 1078 aiunt
525 1015 683 1080 assimilari
708 1033 789 1097 quae
812 1018 998 1095 nascuntur,
1027 1029 1066 1074 ne
1088 1009 1170 1072 hunc
1191 1008 1264 1090 qui-

116 1125 184 1188 den
209 1125 398 1206 omittemus,
421 1122 532 1206 veluti,
564 1125 615 1205 qui
639 1123 696 1186 sub
719 1123 824 1185 Leone
849 1128 937 1186 natus
961 1121 1019 1183 erit
1041 1119 1152 1183 lortem
1175 1116 1263 1195 lore;

116 1233 165 1314 qui
189 1238 293 1293 autem
316 1229 374 1294 sub
398 1228 525 1313 Virgine
548 1231 709 1312 promissis
734 1229 865 1311 capillis,
890 1227 1128 1309 eandida-lacis,
1153 1233 1302 1290 carensac

116 1339 235 1420 liberis,
259 1337 467 1400 verecundus.
513 1337 596 1400 llaec
620 1348 722 1401 autem
745 1335 918 1420 horumque
941 1335 1050 1398 similia
1074 1338 1136 1397 risu
1162 1333 1264 1414 potius

118 1445 209 1529 digna
233 1453 264 1508 el
289 1463 353 1508 non
377 1443 490 1509 studio.
536 1445 615 1508 Fieri
639 1448 720 1508 euim
744 1465 785 1507 ex
806 1447 933 1508 istorum
957 1445 1078 1507 ratione
1094 1443 1209 1523 nequit,
1232 1445 1265 1502 ut

118 1555 226 1634 aliquis
248 1551 397 1634 Aethiops
421 1551 477 1614 sub
501 1553 627 1635 Virgine
651 1560 812 1630 casertan
840 1555 887 1618 sin
910 1559 1034 1634 contra,
1065 1550 1151 1614 dabit
1173 1548 1263 1611 talem

120 1677 194 1724 esse
214 1659 393 1740 candidum,
416 1659 576 1740 promissis
589 1660 705 1742 capillis
729 1660 902 1742 etreliqua.
948 1657 1066 1741 Opinor
1085 1663 1185 1720 eutem
1203 1673 1265 1736 po·-

119 1770 182 1830 tius
202 1769 339 1848 antiquos
364 1768 488 1831 nomina
512 1777 710 1848 receptorum
734 1769 911 1833 animalium
947 1786 1003 1850 pro
1027 1765 1303 1850 cognominibusoo

118 1877 263 1958 posuisse
284 1874 378 1938 stellis
414 1873 626 1938 familiaritatis
655 1879 774 1960 gratia,
809 1895 872 1939 non
901 1877 1038 1940 similiter
1068 1879 1265 1954 comparatae

116 1991 256 2046 naturae.
300 1982 379 2056 Ouid
404 1982 484 2044 enim
509 1982 623 2046 habeut
646 2001 810 2048 commune
834 2003 901 2048 cum
925 2001 998 2048 ursa
1020 1988 1139 2063 septem
1157 1979 1265 2044 stellae

119 2089 267 2152 distantes
290 2092 372 2152 inter
394 2106 445 2174 se,
475 2097 527 2152 aut
550 2109 619 2155 oum
644 2093 787 2156 draconis
811 2095 911 2174 capite
934 2093 1071 2173 quinque
1093 2107 1170 2170 quas
1193 2087 1268 2150 dicit

115 2199 229 2260 Aratus
252 2195 389 2260 stellae?

204 2305 354 2384 Tempore
375 2304 450 2366 biso
473 2312 590 2382 nunt,
614 2307 720 2368 oerrlm
742 2307 819 2384 duo,
843 2305 949 2368 mour
971 2315 1001 2369 et
1021 2325 1114 2370 ιιιιιιιιι
1275 2315 1305 2363 ιι

201 2411 346 2474 immanis
368 2411 499 2474 monstri
521 2413 670 2475 mamillae
693 2421 832 2476 estremo
854 2414 996 2494 caperer.
1307 2389 1313 2402 ¹

202 2519 232 2580 7.
276 2517 320 2580 lta
343 2516 421 2580 haec
445 2536 570 2600 quoque
594 2538 656 2584 non
682 2520 774 2605 digna
802 2528 888 2585 teuto
918 2519 1026 2584 labore
1056 2524 1265 2584 monstrantur

114 2626 169 2706 iis,
193 2623 248 2704 qui
269 2631 357 2687 recte
390 2628 505 2690 sentire
540 2629 678 2710 gestiunt
711 2634 743 2688 et
775 2645 839 2691 non
871 2628 1004 2690 animum
1035 2626 1190 2706 appellunl
1225 2621 1263 2686 ad

115 2731 343 2795 Chaldaeorum
368 2732 584 2817 gloriationes,
608 2734 659 2816 qui
684 2741 715 2796 et
737 2751 831 2814 reges
854 2732 894 2795 de
918 2732 1020 2796 medio
1042 2730 1151 2794 tollunt
1171 2733 1264 2811 igue-

115 2841 195 2902 viam
220 2839 461 2924 concinnantes,
485 2848 517 2903 et
540 2839 683 2904 homines
700 2843 837 2922 privatos
862 2840 1000 2904 excitant
1021 2837 1062 2902 ad
1085 2855 1198 2920 magua
1212 2835 1263 2901 la·
1291 2843 1303 2892 1

115 2947 238 3010 cinara.
283 2946 336 3008 Sin
349 2946 418 3026 quis
435 2949 545 3030 ipsein
563 2966 701 3012 errorem
716 2948 821 3030 lapsus
838 2969 855 3012 a
874 2965 951 3012 vero
969 2945 1169 3030 aberraverit,
1191 2950 1263 3008 tao·-

114 3060 179 3115 tnm
202 3050 309 3134 abest,
343 3058 375 3114 ut
407 3053 549 3135 exemplo
577 3071 635 3116 suo
665 3054 805 3136 reliquos
835 3053 963 3134 doceat,
999 3061 1032 3117 ut
1053 3054 1119 3134 ipsa
1142 3049 1265 3132 repulsa

117 3157 179 3220 lros
203 3157 308 3221 lallare
330 3160 491 3222 studentes
514 3162 545 3222 in
568 3161 716 3226 inlinitum
740 3171 859 3226 meotes
883 3179 992 3227 eorum
1016 3159 1195 3242 perturbent
1215 3157 1265 3220 di-

114 3263 236 3349 cesdo,
260 3283 322 3328 non
347 3267 435 3330 aliter
459 3269 626 3332 earundem
650 3269 806 3334 stellarum
822 3268 1099 3353 configurationem
1122 3267 1159 3330 ad
1183 3265 1264 3333 idem
1291 3283 1306 3328 a

114 3374 282 3454 pervenire
298 3391 391 3454 posse
415 3393 506 3456 quam
529 3395 585 3456 per
609 3378 822 3442 reversionem
842 3377 947 3457 magui
969 3376 1050 3458 anui,
1073 3393 1129 3456 per
1146 3380 1264 3456 septem

115 3481 197 3544 milia
221 3497 372 3544 annorum
407 3491 438 3544 et
464 3486 681 3566 septingentos
704 3493 735 3547 et
761 3485 957 3567 septuaginta
988 3489 1120 3564 septem
1174 3481 1263 3556 0¹1⁰·

116 3588 209 3651 modo
243 3589 338 3672 igitur
369 3592 483 3670 poterit
519 3589 650 3654 humana
688 3591 866 3656 observatio
901 3605 1077 3674 congruere
1119 3607 1186 3655 curn
1220 3594 1265 3652 tot

118 3695 249 3757 saeculis
274 3698 304 3758 in
329 3713 389 3760 una
414 3697 578 3779 genitura?
623 3698 717 3782 idque
741 3716 805 3764 nou
828 3700 937 3774 semel.
959 3697 1015 3764 sed
1039 3716 1134 3780 saepe
1159 3747 1165 3760 .
1191 3746 1197 3761 .
1222 3739 1262 3762 ..

115 3799 252 3866 Pluribus
277 3801 430 3867 confutari
452 3803 676 3870 Chaldaeorum
710 3815 808 3874 artem
829 3809 980 3890 oportuit,
1015 3823 1187 3888 quanquam
1223 3807 1307 3870 obla

114 4024 158 4068 tas
176 4010 206 4068 lt
271 4016 316 4070 96.
335 4013 413 4071 Aret.
434 4014 584 4074 Phaenom.
604 4019 639 4074 56
701 4019 744 4072 st.
765 4017 858 4090 ισχᾰιη
875 4016 903 4070 d'
923 4013 1048 4090 lnlpssC
1108 4017 1152 4072 98.
1171 4012 1265 4077 llairC

112 4107 138 4160 5.
165 4106 379 4162 wreaoonac
510 4109 559 4164 οὐκ
587 4111 672 4172 ἄλλως
698 4105 728 4164 C.
754 4109 797 4164 Fr.
818 4107 1008 4164 Hermaunus:
1041 4107 1072 4162 ori
1090 4108 1177 4170 καλῶς
1196 4106 1217 4162 C
1236 4105 1265 4162 Μ

112 4201 139 4252 6.
160 4198 337 4256 immaurdC
471 4198 692 4276 σχημαησμόνῦ
814 4205 840 4256 7.
859 4203 885 4260 8.
916 4202 949 4258 δι’
969 4205 1181 4274 ἐννακισχιλίων
1206 4205 1265 4255 ἐνα-

111 4295 214 4353 κοσίων
238 4293 284 4346 καὶ
308 4293 487 4366 ἑβδομήκοντα
505 4296 552 4350 καὶ
571 4296 634 4350 ἑπτὰ
651 4295 714 4350 ἐτῶν
733 4293 831 4350 Sextus
851 4295 881 4370 s.
903 4296 953 4352 105
974 4314 1000 4370 p.
1019 4296 1071 4350 355
1166 4295 1206 4348 lt).
1223 4294 1264 4346 11.

113 4381 181 4442 Post
217 4385 379 4440 vocabulum
415 4388 542 4450 nollem
575 4386 708 4460 quaedam
736 4386 887 4442 desiderari
918 4387 1009 4458 arguit
1037 4385 1150 4449 Sextus,
1183 4384 1265 4456 idque

113 4476 238 4547 sulpicio
264 4487 307 4532 eat
337 4479 405 4552 ipsis
432 4481 523 4538 uerbis
550 4483 628 4554 clpam
654 4480 714 4552 παρ’
735 4481 829 4536 ltnr'doe
853 4498 868 4539 ι
893 4481 1005 4535 librario
1032 4497 1094 4534 esse
1123 4477 1266 4550 significa-
