3052 4984
224 325 289 395 4⁰0
334 328 467 416 (μοστ.)
675 296 771 394 mnu
792 337 848 413 vu,
871 341 922 398 τι.

201 507 284 559 1των
301 496 492 582 χωρῆσασαν
512 496 549 561 έν
569 500 651 562 πάσλ
671 523 703 564 τε
723 500 1003 586 έλευθτρωθοϊσαν
1023 499 1262 589 ἀνεληλυθέναι
1295 506 1386 591 πρὸς

223 601 332 680 αότόν,
357 604 425 691 [καὶ
439 603 634 693 δμοίωςτῆν]
652 607 691 672 τά
704 607 802 692 δμοια
825 608 904 700 αῦτῆ
921 607 1156 696 ἀσπαζομένην.
1191 612 1303 699 Τῆνδὲ
1321 617 1383 678 τοῦ

222 709 321 796 Ἰησοῦ
342 711 468 792 λέγουσι
491 713 599 801 ψυχῆν
620 714 762 799 ἐννόμως
793 715 970 803 ἠσκημένην
1000 718 1037 782 έν
1061 716 1248 795 Ἰουδαϊκοτς
1286 719 1381 785 ἔθεσι

223 824 468 906 καταφρονῆσαι
489 819 615 900 αῦτιῦν,
639 827 695 888 καλ
716 822 772 888 διά
794 829 883 889 τοῦτο
904 823 1057 909 δυνάμεις
1067 823 1245 912 εἰληφέναι,
1269 826 1309 892 δι’
1329 824 1380 892 τόν

201 927 394 1014 οκατῆργηστ
423 929 463 994 τά
493 930 550 995 em·
573 929 723 996 κολάσοσι
753 932 850 1018 πάθη
882 932 1044 1018 προσόντα
1077 945 1142 1010 τοῖς
1173 933 1377 1019 ἀνθρώποις.

227 1035 294 1121 Τῆν
315 1033 374 1102 οὖν
395 1034 512 1121 ὁμοίως
533 1039 635 1128 ἐκείνη
657 1043 694 1131 τῆ
715 1043 770 1104 τοῦ
794 1044 934 1127 Χριστοῦ
958 1045 1048 1132 ψυχῆ
1071 1041 1254 1129 δυναμένην
1275 1065 1378 1106 κατα-

221 1147 381 1229 φρονῆσαι
401 1149 465 1211 τοῦν
486 1151 690 1230 κοσμοποιόν
711 1145 875 1234 ἀρχόντων
896 1146 1014 1232 δμοέως
1035 1147 1213 1233 λαμβάνειν
1235 1149 1377 1234 δύναμιν

223 1249 305 1334 πρός
326 1253 361 1315 τό
383 1255 506 1340 πρᾶξαι
527 1254 566 1316 τά
588 1252 695 1338 ὅμοια.
737 1256 796 1318 Διδ
819 1259 873 1318 καλ
893 1255 940 1330 ἀς
960 1260 1050 1320 τοῦτο
1072 1259 1106 1321 τδ
1125 1261 1226 1343 τῦφος
1242 1257 1376 1346 καττλη-

220 1355 383 1436 λόθασιν,
407 1357 485 1424 ὥστε
505 1362 578 1436 τοῦς
597 1365 658 1445 μὲν
679 1359 809 1445 δμοέους
832 1359 918 1450 αδτηῑ
939 1363 1024 1426 εἶναι
1045 1362 1171 1444 λέγουσι
1193 1369 1237 1452 τῷ
1255 1364 1369 1452 Ἰησοῦ,

184 1491 212 1542 10
220 1465 292 1541 τοῦς
313 1465 350 1531 δέ
374 1470 429 1530 καὶ
450 1465 494 1532 ὅτι
516 1468 598 1532 κατά
618 1490 647 1533 τι
669 1467 905 1557 δυνατωτέρους
925 1470 1022 1548 τινάς,
1046 1471 1141 1546 ὄντας
1161 1471 1198 1537 δὲ
1219 1478 1274 1536 καλ
1296 1472 1371 1537 δια-

219 1578 419 1662 φορωτέρους
439 1580 502 1641 τιῦν
523 1577 645 1641 έκεένου
666 1581 838 1663 μαθηττῦν,
863 1575 931 1642 ολον
944 1580 1068 1665 Πέτρου
1087 1583 1142 1643 καλ
1156 1578 1291 1645 Παύλου
1315 1585 1373 1644 καλ

219 1685 282 1746 τόν
302 1681 427 1749 λοιπῶν
448 1682 659 1762 ἀποστόλων,
690 1685 818 1760 τούτους
841 1684 878 1749 δὲ
899 1683 980 1749 κατά
1002 1685 1103 1772 μηδὲν
1133 1684 1372 1752 ἀπολείπεσθαι

218 1899 280 1941 τοιν
302 1881 356 1941 καλ
376 1877 526 1965 πράξεσιν
546 1881 610 1944 σῦν
630 1877 694 1944 δπδ
724 1881 788 1944 τόν
820 1877 1011 1966 ἀνθρώπων
1041 1881 1218 1964 γινομένων
1248 1885 1302 1944 καλ
1333 1881 1369 1945 έν

218 1983 414 2072 παραβύστῳ
438 1982 570 2050 ἀτόπων
591 1985 692 2072 ἔργων
714 1991 769 2050 καλ
790 1985 964 2071 ἀθεμίτων,
988 1992 1042 2051 καλ
1064 1985 1152 2064 ὅπως
1174 1987 1230 2053 διά
1255 1993 1371 2053 πασιῦν

217 2095 280 2156 πῦν
310 2091 459 2178 πράξεων
492 2091 754 2181 έλευθερωθτΐσα
781 2093 800 2181 ῆ
831 2093 908 2181 αῦτῆ
933 2095 1032 2182 ψυχῆ,
1056 2097 1151 2182 φησέ,
1182 2097 1237 2160 τοῦ
1267 2093 1368 2181 Ἰησοῦ

219 2196 342 2288 ἀνέλθη
364 2198 446 2287 πρὸς
466 2199 521 2263 τόν
550 2200 651 2266 αότδν
680 2203 803 2289 πατέρα
832 2200 888 2266 τδν
918 2203 1097 2282 ἄγνωστον,
1132 2201 1187 2266 τόν
1216 2201 1370 2285 δυνάμεις

219 2305 298 2398 αῦτῆ
320 2305 553 2372 ἀποστείλαντα
575 2308 718 2386 ἀνωθεν,
742 2314 797 2373 ἵνα
818 2314 935 2375 παστῦν
952 2313 1016 2374 τοῦν
1028 2309 1178 2398 πράξεων
1196 2310 1367 2397 χωρῆσασα

217 2419 273 2478 καλ
295 2413 556 2502 έλευθερωθεϊσα
580 2414 708 2480 διέλθοι
730 2417 812 2504 πρός
833 2415 931 2482 αότδν
954 2418 1033 2483 ἀνω.
1081 2415 1129 2482 Οό
1148 2418 1213 2504 μῆν
1229 2417 1265 2482 δέ
1281 2416 1367 2482 ἀλλά

216 2527 271 2586 καλ
291 2522 349 2598 τάς
369 2520 484 2606 όμολας
505 2521 585 2614 αὐτῆ
615 2522 743 2611 ψυχάς,
773 2525 812 2588 τά
844 2525 898 2589 ἶσα
921 2523 1001 2617 αδτῆ
1033 2523 1281 2609 ἀσπασαμένας,
1313 2526 1369 2591 τδν

217 2627 316 2696 αδτδν
337 2630 456 2715 τρόπον
478 2629 756 2718 έλευθερωθεέσας
777 2632 847 2696 ἀνω
870 2637 987 2719 πτῆναι
1008 2635 1090 2719 πρδς
1116 2633 1172 2697 τδν
1204 2635 1366 2713 ἄγνωστον

194 2741 341 2824 ,πατέρα
362 2738 399 2802 έν
420 2741 463 2826 τῷ
484 2738 541 2814 τός
562 2737 671 2814 πάσας
692 2740 824 2825 πράξεις
847 2740 1017 2826 πραξάσας
1045 2738 1163 2823 δμοίως
1191 2743 1254 2804 τοῦν
1278 2739 1366 2804 πάν-

214 2867 277 2910 των
298 2844 539 2925 ἀπαλλαγελσας
559 2843 676 2909 λοιπόν
696 2844 971 2934 έλευθερωθῆναι.
1025 2847 1093 2932 Τῆν
1124 2846 1160 2911 δὲ
1183 2847 1291 2933 ψυχῆν
1310 2849 1366 2911 τοῦ

212 2947 312 3038 Ἰησοῦ
332 2951 368 3016 έν
389 2963 454 3027 τοῖς
470 2956 533 3016 ττῦν
548 2951 713 3017 Ἰουδαίων
727 2952 838 3017 ἔθεσιν
861 2951 1103 3039 ἀνατραφττσαν
1124 2957 1366 3042 καταφρονῆσαι

218 3055 327 3121 αὐτῶν
348 3063 402 3120 καλ
425 3057 480 3121 διά
502 3061 591 3121 τοῦτο
614 3055 766 3140 δυνάμεις
785 3056 954 3144 εἰληφέναι
958 3107 970 3135 ,
996 3056 1042 3121 δι’
1064 3053 1110 3122 ὦν
1131 3057 1170 3122 τά
1191 3057 1246 3122 έπὶ
1268 3057 1368 3122 κολά-

214 3180 279 3228 σεσι
302 3164 398 3250 πάθη
420 3162 583 3252 προσόντα
605 3174 669 3239 τοῖς
691 3162 881 3252 ἀνθρώποις
904 3163 1054 3250 δυνηθεὶς
1077 3168 1200 3250 πρᾶξαι
1222 3161 1364 3252 ὑπερβῆ-

214 3292 270 3335 ναι
291 3271 364 3347 τοῦς
385 3271 598 3354 κοσμοποιοῦς
620 3273 753 3352 ἴσχυσεν.
808 3269 858 3335 On)
877 3272 980 3356 μόνον
1000 3270 1037 3335 δὲ
1060 3270 1158 3356 αδτῆν
1178 3271 1234 3358 τῆν
1256 3275 1366 3360 φυχῆν

213 3382 268 3443 τοῦ
285 3376 387 3464 Ἰησοῦ
406 3382 497 3442 τοῦτο
520 3376 731 3464 δεδυνῆσθαι,
754 3376 840 3442 ἀλλά
864 3382 920 3441 καλ
941 3379 997 3464 τῆν
1019 3378 1202 3464 δυναμένην
1224 3377 1279 3442 διά
1301 3382 1364 3442 τοῦν

204 3486 364 3574 ιπράξεων
384 3486 576 3571 χωρῆσασαν
597 3484 774 3572 ὑπερβῆναι
796 3487 867 3560 τοῦς
897 3485 1111 3568 κοσμοποιοῦς
1132 3484 1248 3562 αότοδς
1269 3483 1365 3566 ἀγγέ-

214 3592 299 3671 λους,
322 3599 376 3656 καὶ
398 3591 486 3679 αότῆ,
510 3590 570 3656 έάν
591 3589 675 3682 λάβη
698 3591 860 3675 δυνάμεις,
883 3597 937 3656 καὶ
958 3591 997 3656 τά
1019 3590 1117 3675 όμοια
1134 3592 1241 3682 πράξῃ
1253 3592 1365 3655 καθά-

213 3723 272 3784 περ
294 3703 349 3765 τοῦ
368 3699 486 3786 Ἰησοῦ,
511 3696 555 3774 οῦς
576 3709 741 3786 προεῖπον.
786 3699 889 3764 Ὅθεν
909 3700 955 3776 ελς
975 3699 1080 3786 τάφον
1102 3694 1188 3763 οῦτοι
1210 3697 1366 3784 έληλακδ-

212 3830 260 3882 τις
279 3808 382 3890 μέγαν
411 3803 442 3871 οἱ
464 3803 527 3870 όπδ
552 3809 608 3869 τοῦ
635 3803 820 3882 ἀπατεῶνος
843 3808 952 3872 τοῦτου
985 3805 1204 3892 ἀπατηθέντος
1234 3803 1365 3880 ἑαυτοῦς

213 3917 417 4001 προκριτέους
439 3913 589 4000 ῆγοῦνται
610 3917 671 3975 καλ.
688 3911 788 3978 αδτοῦ
809 3918 864 3978 τοῦ
886 3915 1004 4000 Ἰησοῦ·
1028 3912 1122 3978 ἄλλοι
1144 3911 1181 3976 δέ
1202 3911 1237 3988 ἐξ
1260 3910 1364 3976 αότιῦν

212 4021 271 4087 οῦκ
291 4021 392 4108 Ἰησοῦ
418 4038 520 4106 φασιν
543 4019 633 4084 άλλά
655 4023 778 4107 Πέτρου
810 4025 865 4084 καλ
893 4019 1046 4108 Ἀνδρέου
1076 4024 1131 4084 καλ
1152 4018 1287 4084 Παύλου
1310 4022 1363 4082 καλ

210 4133 274 4193 τῶν
295 4127 419 4194 λοιπῶν
441 4126 630 4192 ἀποστόλων
652 4125 783 4202 ἑαυτοῦς
804 4125 1091 4217 ῦπιρφερεστέρους
1116 4127 1200 4191 εἶναι
1230 4125 1286 4192 διά
1307 4125 1363 4212 τῆν

291 4323 315 4376 1.
346 4323 573 4392 έλιυθιρωθιῐταν
606 4317 805 4389 ἀνεληλυθέναι]
838 4323 1065 4392 έλιοθτρυθιῖσαν
1100 4320 1255 4386 ἐληλυθέναι
1287 4314 1309 4374 C
1333 4314 1363 4372 M

210 4414 236 4468 ².
261 4413 308 4466 τιαλ
326 4410 428 4483 ὁμοίως
446 4409 491 4476 τὴν
508 4409 538 4462 τὰ
557 4406 640 4481 ὅμοια
659 4405 734 4484 αὐτῆ]
753 4409 784 4462 τά
803 4407 885 4482 όμοια
910 4411 989 4477 αόιῆς
1013 4407 1035 4465 C
1053 4406 1083 4465 M
1163 4410 1191 4464 4.
1215 4409 1360 4496 εἰληφέναι]

209 4501 404 4554 έπιιιιιλικόναι
424 4494 445 4552 C
463 4495 493 4552 Μ
643 4496 670 4551 5.
687 4496 818 4576 ιιολάστσι]
838 4499 943 4554 κολάσει
962 4494 1029 4554 CM
1181 4497 1208 4552 9.
1226 4493 1296 4568 τοῦς]
1316 4495 1362 4552 αό-
