3050 4988
637 329 821 389 tttstttuss.
1233 320 1297 386 367

157 497 277 562 critudo
308 496 459 580 quaedam
491 503 523 559 et
551 494 731 578 magnitudo
759 502 790 556 et
817 501 954 577 potestas
976 491 1204 557 indissolubilis.
1247 491 1300 554 ln-

157 604 330 669 attabtttnus
353 605 454 682 enim,
480 603 593 686 inquit,
623 609 670 666 est
701 596 887 666 ineffabilior
920 609 951 665 et
980 601 1155 682 potentibus
1184 604 1300 680 poten-

158 713 219 775 tior
240 718 272 775 et
294 711 484 796 sapientibus
507 710 675 790 sapientior
697 716 727 773 et
751 708 899 792 quidquid
930 709 1014 773 dicas
1043 711 1126 772 omni
1147 707 1339 790 poterim-2⁰

159 819 230 882 dine
253 820 468 901 praestantior.
522 817 577 881 tlte
603 824 763 900 postquam
792 826 957 901 generatus
987 826 1033 880 est
1061 817 1092 879 in
1116 816 1206 880 altum
1228 832 1300 878 sese

96 907 99 914 ¹
158 927 277 990 sustulit
299 935 330 991 et
353 925 488 991 sublimis
512 925 584 990 abiit
605 934 637 989 et
652 924 790 990 sublatus
813 935 861 990 est
883 931 966 989 totus
988 941 1120 1006 superne
1142 939 1241 1002 usque
1263 921 1300 984 ad

157 1031 398 1111 firmamentum
420 1033 476 1095 sad
500 1033 694 1098 ascensionis
717 1042 747 1097 et
770 1033 950 1097 sublationis
972 1031 1190 1094 firmamentum
1209 1024 1300 1089 linem

158 1156 229 1203 essa
253 1139 433 1220 arbitratus,
468 1157 528 1202 neo
559 1138 723 1221 quidquam
753 1142 877 1204 omnino
906 1156 975 1204 esse
997 1135 1168 1219 posthaec
1190 1135 1301 1215 opina-

158 1253 224 1330 tus,
258 1247 357 1312 extitit
377 1247 499 1328 quidem
523 1247 754 1312 subiacentibus
778 1247 936 1329 omnibus,
972 1261 1176 1327 quaecunque
1198 1249 1340 1304 reste-tt

158 1353 230 1416 bant
263 1355 434 1437 mundana,
478 1356 661 1437 sapientior,
700 1356 872 1440 potentior,
909 1353 1068 1433 illustrior,
1104 1349 1301 1432 splendidior,

158 1458 291 1542 denique
314 1459 461 1542 quidquid
485 1460 600 1524 dixeris
623 1463 760 1528 eminens
783 1462 920 1542 pulcrum
950 1468 1072 1544 praeter
1098 1457 1195 1522 solam
1218 1455 1301 1518 tilie-

158 1571 264 1651 tatem,
296 1585 377 1649 quae
410 1570 563 1632 etiamtum
602 1569 710 1633 relicta
746 1575 813 1632 erat
842 1570 873 1632 in
906 1567 1080 1632 seminario.
1136 1562 1304 1649 ignorabat

160 1672 240 1736 enim
264 1691 330 1736 eam
354 1691 425 1738 asse
448 1680 546 1740 semet
568 1677 786 1756 sapientiorem
817 1683 845 1738 et
875 1677 1081 1756 potentiorem
1106 1681 1136 1736 et
1158 1672 1303 1754 superio-

158 1797 232 1843 rem.
275 1781 449 1845 Arbitratus
473 1781 564 1865 igitur
594 1801 629 1846 se
653 1782 774 1845 demum
800 1800 872 1848 asse
902 1782 1057 1846 dominum
1080 1786 1111 1842 et
1131 1775 1345 1860 imparato-ao

158 1905 224 1950 rem
247 1895 279 1950 at
300 1887 523 1971 intelligentem
554 1889 751 1954 architectum
785 1892 913 1954 vertitur
944 1890 981 1954 ad
1006 1887 1192 1972 singularum
1223 1901 1303 1968 qua-

158 2013 287 2077 rumque
308 1999 437 2078 partium
463 1996 608 2059 fabricam
631 1996 743 2060 mundi.
797 1997 835 2061 Et
858 1998 984 2080 primum
1015 1997 1136 2078 quidem
1168 1994 1305 2057 decrevit

160 2117 221 2163 non
245 2121 373 2166 manare
396 2102 497 2187 solus,
520 2103 576 2168 sad
601 2104 675 2167 lecit
695 2105 754 2168 sibi
777 2113 808 2166 et
830 2103 992 2188 generavit
1014 2123 1054 2166 err
1075 2101 1303 2166 subiacentibus

159 2205 253 2270 lilium
278 2226 314 2271 se
343 2211 411 2290 ipso
435 2209 530 2292 longe
552 2213 739 2292 superiorem
770 2219 802 2274 at
831 2209 1059 2292 sapientiorem.
1111 2207 1195 2270 Haeo
1223 2207 1302 2268 enim

162 2315 264 2378 omnia
287 2323 378 2379 antea
401 2331 507 2380 secum
530 2324 680 2381 statuerat
709 2337 850 2381 non-ens
881 2319 976 2398 deus,
1009 2334 1077 2378 cum
1108 2312 1303 2378 seminarium
1314 2317 1343 2366 ³⁶

162 2430 302 2505 poneret
351 2423 514 2505 Postquam
538 2423 632 2508 igitur
655 2425 730 2490 vidit
753 2426 858 2509 lilium,
882 2426 1006 2488 miratus
1030 2429 1078 2486 est
1100 2427 1131 2484 et
1154 2419 1304 2483 adamavit

162 2538 194 2594 et
215 2529 376 2612 perculsus
400 2538 461 2610 cst;
494 2532 563 2596 talis
592 2535 671 2597 enim
704 2535 854 2615 quaedam
884 2530 1054 2614 pulcritudo
1086 2529 1137 2592 lilii
1166 2527 1305 2609 apparuit

159 2655 272 2722 magno
297 2637 454 2718 archonti3
489 2645 519 2702 ct
550 2640 714 2704 considera
746 2642 834 2704 iussit
863 2657 930 2702 eum
961 2637 999 2702 ad
1031 2637 1188 2700 dexteram
1218 2651 1303 2698 suam

161 2744 287 2810 arabon.
333 2745 418 2809 llaec
446 2752 494 2810 est
516 2765 604 2829 ,quae
635 2747 804 2812 secundum
831 2746 1055 2810 illos·vocatur
1085 2744 1222 2826 ogdoas,
1255 2741 1303 2802 ubi

160 2853 453 2946 considettmagnus
484 2853 610 2918 arcbon.
667 2855 796 2919 Omnem
829 2856 921 2939 igitur
954 2851 1119 2917 caelestem
1150 2849 1345 2929 fabricam,tu

159 2958 221 3023 boc
244 2968 291 3024 est
314 2961 502 3045 aetheream,
524 2964 591 3044 ipse
613 2961 770 3026 fabricavit
794 2963 984 3044 demiurgus,
1016 2976 1145 3042 magnus
1172 2957 1306 3038 sapiens,

165 3068 304 3151 vigorem
327 3074 426 3130 autem
451 3070 481 3130 ei
503 3068 630 3132 indebat
659 3077 690 3133 et
719 3069 909 3155 suggerebat
939 3068 1017 3132 lilius
1047 3066 1085 3130 ab
1113 3067 1180 3146 ipso
1211 3070 1306 3145 ortus,

162 3175 215 3254 qui
238 3179 304 3235 erat
324 3174 392 3254 ipso
416 3173 576 3259 demiurgo
599 3175 694 3258 longe
718 3178 896 3259 sapientior.

250 3278 302 3342 24.
346 3279 433 3344 Haeo
466 3289 513 3344 est
542 3282 592 3345 illa
626 3284 794 3346 secundum
823 3279 1019 3346 Aristotelem
1050 3279 1191 3362 corporis
1213 3283 1306 3340 natu-

162 3385 234 3450 ralis
268 3388 409 3470 organici
440 3388 633 3472 entelechia,
669 3392 767 3454 anima
792 3389 902 3453 efficax
924 3390 955 3452 in
981 3405 1131 3469 corpore,
1155 3387 1223 3448 sine
1246 3396 1346 3464 quate

163 3511 276 3575 corpus
300 3495 423 3576 operari
448 3497 570 3578 nequit,
605 3499 701 3560 maius
733 3497 888 3578 quoddam
916 3503 948 3559 at
969 3494 1113 3559 illustrius
1137 3499 1168 3556 et
1191 3499 1306 3573 poten-

161 3602 221 3664 tius
245 3607 276 3664 et
298 3602 468 3683 sapientius
496 3620 640 3685 corpora.
699 3605 796 3680 Quam
824 3606 916 3688 igitur
945 3605 1095 3666 rationem
1126 3599 1307 3664 Aristoteles

161 3709 294 3772 reddidit
317 3708 356 3771 da
388 3711 487 3773 anima
516 3718 547 3774 et
576 3729 710 3794 corpore
738 3715 838 3795 prior,
871 3710 1018 3775 Basilides
1048 3709 1087 3772 de
1116 3725 1229 3790 magno
1253 3726 1307 3771 ar-

163 3814 276 3880 ebonte
305 3824 333 3878 et
363 3834 402 3880 eo
433 3835 523 3898 quern
553 3821 657 3884 statuit
678 3819 740 3883 iilic
761 3818 900 3884 illustrat.
944 3817 1061 3882 Etenim
1085 3815 1230 3879 etlilium
1253 3832 1307 3878 ar-

162 3923 243 3986 cbon
277 3923 446 3988 seeundum
475 3925 637 3989 basilidem
667 3927 847 4009 generavit,
877 3933 908 3990 et
939 3927 1070 3990 animam
1101 3941 1179 4006 opus
1203 3932 1234 3987 et
1256 3921 1346 3986 el-oo

165 4127 217 4180 lon
234 4121 385 4179 rimroaiC
439 4163 446 4174 .
506 4127 551 4180 26.
571 4128 616 4180 27.
642 4127 780 4201 σοφώτερα
807 4128 853 4182 aci
877 4126 1043 4201 δυνατώτερα
1061 4123 1083 4182 C
1101 4122 1131 4179 Μ
1150 4121 1307 4178 Bunsenius

162 4220 207 4293 27.
226 4219 357 4290 κρείττων]
376 4220 481 4290 κρείττω
499 4215 528 4274 Μ
548 4217 706 4275 Bussenius
821 4223 865 4276 30.
891 4221 958 4275 atate
981 4216 1003 4275 C
1117 4217 1162 4271 34.
1188 4218 1308 4286 ἐφαίνετο

163 4309 334 4366 Bussenius:
364 4312 463 4383 ἐγένετο
482 4309 504 4364 C
523 4309 553 4366 Μ
571 4310 714 4379 bacchius,
734 4313 781 4386 qui
800 4313 975 4368 scribendum
995 4327 1056 4366 esso
1076 4316 1184 4363 censet:
1210 4327 1234 4360 x.
1253 4309 1309 4377 dyi-

162 4421 218 4458 aaro
235 4405 270 4475 spi
288 4403 339 4475 etp
355 4403 401 4458 τοῦ
417 4403 538 4478 μεγάλου
557 4403 685 4477 ἄρχοντος
791 4408 836 4462 36.
857 4403 962 4481 αὐτοὺς]
982 4403 1062 4459 αὐτοῦ
1081 4398 1117 4457 C:
1137 4399 1217 4454 αὐτὸν
1230 4415 1306 4471 susp.

158 4491 188 4550 Μ
206 4493 364 4551 llunaenioa
479 4498 524 4552 tt.
553 4497 598 4552 rori
616 4497 747 4577 σώματος]
764 4501 807 4569 τῆς
824 4501 910 4574 ψυχῆς
930 4499 951 4554 G
969 4497 999 4554 Μ
1024 4493 1181 4550 Runsanius
