3056 4970
621 319 869 416 vrnnnrrnnm.
1252 355 1317 422 etr

174 519 353 604 pleromate,
377 539 417 584 ne
439 520 554 602 pariter
575 519 715 585 informia
732 529 763 585 et
779 521 956 605 imperfecta
981 521 1151 586 evaderent
1174 542 1221 607 ea,
1235 541 1316 612 quae

173 627 212 690 eh
228 627 379 692 aeonibus
403 634 491 709 erant
513 634 673 712 generata,
698 637 730 692 et
751 631 894 694 interitus
919 629 1029 712 aliquis
1053 633 1226 718 corriperet
1246 637 1341 713 pest*

175 750 238 796 non
261 733 385 798 multum
408 741 528 818 tempus
552 734 717 816 aliquando
742 754 870 801 aeones.
910 735 1123 821 Conlugcruni
1138 739 1230 820 igitur
1246 756 1319 803 ora-

174 859 230 905 nes
253 859 369 906 aeones
392 841 430 916 ad
454 842 664 924 precationem
686 843 800 924 Patris,
823 850 856 908 ut
876 843 1233 927 maerentemsophiam
1246 843 1314 928 pla-

174 955 270 1012 caret
313 948 453 1013 Plorahot
476 950 557 1012 enim
582 957 612 1012 et
632 950 811 1035 ingemebant
833 957 960 1034 prepter
980 950 1153 1015 abortivum
1176 966 1355 1034 asopo-eo

174 1063 330 1136 naretum;
367 1057 413 1119 sic
442 1057 522 1119 eninr
551 1056 714 1140 appellent.
759 1057 921 1122 Miseratus
944 1057 1037 1139 igitur
1059 1057 1150 1121 Pater
1178 1045 1319 1132 lacrimas

174 1160 308 1243 Sophiae
340 1171 468 1246 accepta
497 1165 677 1245 precatione
711 1182 843 1228 aeonum
877 1165 1004 1248 insuper
1037 1165 1191 1247 proiieere
1222 1165 1316 1230 iubet.

172 1267 242 1330 Non
266 1268 346 1331 enim
369 1269 453 1354 ipse,
476 1271 590 1354 inquit,
613 1271 761 1352 proiecit,
784 1271 840 1334 sed
861 1272 949 1336 ldens
972 1280 1002 1335 et
1024 1270 1145 1336 Veritas
1166 1270 1317 1336 Christum

173 1381 206 1437 et
232 1375 373 1457 Spiritum
400 1383 538 1446 sanctum
567 1378 599 1440 in
630 1376 847 1441 formationem
879 1385 910 1441 et
940 1378 1157 1457 discretionem
1187 1378 1316 1442 abortiri

172 1487 204 1545 et
225 1481 469 1547 consolationem
490 1489 521 1546 et
543 1484 746 1566 placationem
769 1484 904 1568 Sophiae
926 1485 1140 1550 lamentorum.
1183 1484 1221 1549 Ei
1243 1485 1338 1548 exi-t

171 1589 399 1671 stunt'triginta
422 1607 539 1654 aeones
562 1609 629 1655 cum
651 1589 772 1654 Christo
798 1599 828 1655 et
843 1591 964 1677 ,Spiritu
986 1600 1105 1657 sancto.
1155 1591 1217 1654 lam
1242 1592 1314 1674 qui-

172 1693 241 1758 dam
263 1714 369 1760 eorum
392 1695 473 1760 hanc
495 1715 566 1760 esse
590 1696 695 1761 volunt
716 1696 939 1761 triacontadem
964 1716 1113 1782 aeonum,
1136 1696 1188 1761 alii
1211 1704 1312 1761 autem

173 1820 233 1865 una
263 1803 398 1866 existere
428 1821 496 1866 cum
523 1803 611 1868 Patre
643 1804 736 1886 Sigen
767 1823 836 1867 cum
865 1805 964 1888 iisque
995 1804 1162 1888 computari
1195 1822 1313 1870 aeones

172 1908 288 1973 volunt.
345 1907 473 1991 insuper
495 1911 653 1992 proiectus
683 1913 815 1994 igitur-a
837 1912 942 1976 blente
965 1921 997 1976 et
1017 1913 1154 1976 Veritate
1177 1911 1335 1976 Christuso

171 2024 202 2080 et
222 2017 351 2098 Spiritus
377 2025 502 2081 sanctus
524 2018 626 2106 statim
650 2017 822 2082 abortivum
847 2018 1010 2083 informem
1033 2018 1115 2084 hunc
1138 2017 1272 2100 Sophiae
1294 2037 1312 2081 a

171 2140 206 2185 se
234 2123 300 2189 sola
331 2130 362 2187 et
388 2141 578 2188 seorsurn·a
608 2126 741 2209 coniuge
771 2126 907 2209 genitum
929 2135 1076 2212 segregat
1096 2127 1135 2190 nh
1159 2127 1311 2190 universis

170 2217 340 2316 aeonibus,
377 2248 418 2294 ne
448 2239 612 2296 sementes
644 2231 728 2294 illum
756 2233 974 2314 perturbentur
1007 2251 1062 2314 per
1092 2232 1309 2296 informitatem

169 2336 301 2419 perlecti
324 2355 451 2402 aeones.
496 2337 534 2402 Ut
555 2339 649 2422 igitur
670 2337 761 2420 plane
784 2357 847 2403 non
870 2347 1049 2422 compareat
1064 2338 1211 2422 perlectis
1229 2355 1311 2402 aeo-

170 2444 259 2508 nibus
283 2444 413 2508 ahortiri
433 2424 611 2529 informitas,
633 2463 740 2510 rursus
763 2454 795 2510 et
816 2448 906 2512 Peter
928 2449 1055 2529 insuper
1076 2447 1198 2528 proiicit
1216 2456 1351 2510 unumtu

169 2569 299 2632 sconem
322 2543 474 2636 Staurum,
496 2552 549 2632 qui
572 2570 639 2615 cum
664 2555 815 2616 erasisset
837 2571 976 2638 magnus,
997 2558 1032 2616 ut
1055 2571 1072 2618 a
1093 2561 1180 2634 patre
1197 2570 1310 2636 magno

169 2665 200 2720 et
222 2657 381 2743 perlecto,
414 2656 446 2720 in
477 2656 647 2722 custodiam
675 2666 706 2721 et
734 2661 951 2724 munimentum
980 2676 1111 2724 aeonum
1142 2658 1310 2742 proiectus,

168 2764 328 2828 Terminus
351 2763 454 2827 evadit
472 2762 659 2848 pleromatis,
693 2764 810 2828 habena
833 2766 863 2829 in
886 2783 921 2828 se
944 2783 1051 2828 omnes
1074 2763 1309 2848 simul'triginta

168 2889 306 2949 aeones;
337 2869 368 2932 hi
393 2871 473 2934 enim
494 2877 564 2934 sunt
585 2871 627 2934 illi
650 2873 700 2952 qui
722 2871 853 2954 proiecti
875 2877 956 2936 sunt.
1008 2869 1185 2954 Appellatur
1206 2876 1308 2934 autem

169 2977 219 3056 hic
239 2977 408 3063 Terminus,
430 2977 574 3059 quoniam
595 2985 682 3041 extra
701 2978 890 3042 disterminat
905 2997 922 3041 a
937 2975 1108 3060 pleromate
1121 2975 1350 3062 hysterema‚tu

169 3085 322 3166 Particeps
355 3093 474 3167 autem,
509 3085 652 3168 quoniam
686 3085 847 3168 participat
878 3087 967 3149 etiam
995 3084 1189 3169 hysterema,
1222 3083 1311 3146 Palus

169 3198 290 3274 eutem,
321 3188 571 3278 quoniamlixus
600 3196 647 3253 est
672 3191 814 3254 immotus
842 3199 876 3256 et
905 3191 1028 3278 firmus,
1060 3198 1093 3255 ut
1121 3208 1186 3255 non
1213 3190 1312 3273 possit

169 3293 333 3378 quidquam
352 3294 565 3380 hysterematis
589 3295 737 3360 devenire
762 3312 858 3377 prope
880 3313 1007 3378 aeones,
1025 3296 1079 3379 qui
1094 3303 1166 3360 suni
1181 3298 1262 3360 intus
1279 3297 1322 3360 iu.

168 3403 347 3484 pleromate.
392 3400 486 3467 Extra
504 3403 597 3486 igitur
619 3404 802 3486 Terminum,
821 3385 1134 3486 Pelum,'l'ariioipem
1160 3411 1208 3467 est
1230 3418 1310 3482 quae

169 3513 296 3572 vocatur
319 3505 356 3572 ab
380 3508 418 3571 iis
441 3507 584 3593 Ogdoas,
618 3527 718 3592 eaque
745 3514 793 3572 est
814 3507 928 3591 Sophia
957 3525 1037 3590 quae
1060 3513 1148 3573 extra
1170 3505 1350 3589 pleromate

169 3619 234 3697 est,
264 3633 353 3696 quam
376 3613 513 3679 Christus
536 3616 661 3698 insuper
683 3615 841 3699 proiectus
863 3634 881 3676 a
904 3614 1007 3678 blente
1030 3619 1061 3676 et
1081 3613 1217 3677 Veritate
1240 3611 1310 3676 lor-

168 3722 260 3784 mavit
278 3721 451 3804 effecitque,
475 3727 506 3784 ut
529 3721 686 3804 perlectus
708 3737 799 3804 aeon,
821 3719 902 3784 nulla
926 3738 967 3784 ex
989 3724 1074 3802 parte
1097 3719 1144 3800 iis,
1167 3717 1311 3801 quisunt

166 3940 253 4012 σιγὴν]
272 3943 310 4002 sis
325 3941 376 4014 yria
401 3937 471 3997 chi
578 3941 624 3996 38.
647 3933 866 4012 γιγενημένονῦ
991 3935 1037 3992 44.
1055 3928 1312 4008 luel-apoddliaec

167 4031 212 4086 42.
230 4029 275 4082 τὸν
292 4028 406 4102 σταυρὸς
423 4024 455 4083 (Ξ.
493 4025 535 4083 De
555 4025 654 4084 Stauro
675 4027 731 4082 aire
750 4023 829 4081 Horo
850 4024 900 4082 cir.
919 4021 994 4080 iren.
1011 4043 1034 4080 c.
1054 4025 1127 4078 tan.
1150 4020 1172 4088 1.
1190 4023 1218 4087 2,
1234 4023 1262 4074 2.
1281 4018 1308 4074 4.

167 4125 196 4173 et
214 4135 239 4178 c.
258 4118 284 4184 3,
303 4119 330 4172 5.
444 4117 490 4173 47.
515 4114 649 4192 perapsis]
674 4113 844 4190 peroyoysaic
869 4114 1023 4187 appelletur
1045 4112 1079 4167 ah
1107 4109 1223 4165 Irenaeo
1252 4108 1270 4162 l.
1289 4105 1309 4161 l.

167 4206 189 4274 l,
205 4209 232 4274 2,
249 4209 269 4263 4
287 4217 316 4263 et
334 4225 359 4262 c.
378 4207 405 4274 ³,
426 4207 448 4262 l.
563 4209 609 4263 49.
629 4205 820 4284 ἇμιτανυὴτως]
847 4204 1038 4282 ἀμετακινὴπυς
1060 4202 1219 4284 lloeperusz
1244 4199 1310 4272 ἆμι-

165 4297 314 4368 cotdip'rutcl
419 4297 465 4352 49.
483 4295 528 4352 50.
547 4297 749 4370 καταγινέσθω]
766 4297 813 4352 καὶ
828 4299 955 4369 γενέσθαι
973 4291 1037 4352 CM
1131 4285 1222 4366 typis]
1241 4285 1311 4350 ἶνῐός

167 4384 247 4458 lyris
264 4401 297 4455 pr
315 4379 362 4438 G'
419 4383 465 4439 ⁶³.
483 4383 548 4456 dni]
567 4383 622 4440 dni
638 4381 702 4442 CM
779 4386 823 4440 53.
842 4401 902 4456 sqq.
940 4379 1091 4446 (linirem
1116 4379 1136 4434 l.
1152 4378 1172 4432 l.
1198 4375 1219 4443 1,
1237 4377 1264 4444 4,
1285 4378 1310 4432 l.

158 4473 214 4530 bi.
233 4471 333 4542 oddvl]
352 4469 431 4526 sidia
448 4475 490 4526 nl
