3050 4988
646 359 830 420 utstttutts.
1255 354 1317 422 363

180 529 365 614 secundum,
388 535 438 592 aut
462 527 535 608 quid
558 527 678 591 tertium
701 525 732 590 id
756 527 837 608 quod
862 544 879 591 n
902 525 1055 591 mundano
1079 531 1194 590 semine
1213 530 1320 593 extitit.

180 637 262 722 Erat,
285 639 397 718 inquit,
422 635 452 697 in
475 636 542 717 ipso
566 635 683 698 sernine
705 635 813 699 filietas
836 635 999 718 tripartita,
1029 651 1086 717 per
1116 634 1217 698 omnia
1240 649 1361 700 non-tt

181 745 242 807 enti
267 743 326 806 deo
350 742 634 823 consubstantialis,
670 746 819 824 generata
842 761 882 804 ex
904 727 1071 805 non-ente.
1122 740 1218 805 liuius
1240 741 1323 807 lille-

180 850 250 913 tatis
272 849 420 913 trifariam
443 848 559 912 divisae
588 848 669 912 aliud
700 855 767 912 erat
796 847 919 932 subtile,
949 846 1029 911 eliud
1058 865 1211 933 crassum,
1242 851 1322 915 eliud

181 958 375 1042 purgationis
410 954 563 1041 indigens.
619 955 734 1021 Subtile
766 957 860 1040 igitur
897 957 995 1019 stetim
1027 954 1080 1019 ubi
1108 959 1235 1038 primurn
1262 976 1323 1022 ex-

181 1066 238 1128 titit
274 1065 399 1128 sentinis
437 1062 531 1145 prirna
577 1063 711 1127 deiectio
752 1079 770 1123 a
812 1066 969 1122 non-ente
1009 1064 1147 1145 perrupit
1179 1069 1211 1126 et
1249 1082 1322 1129 sur-

181 1172 262 1235 rexit
285 1181 314 1236 et
330 1170 471 1236 escendit
494 1171 532 1233 ab
555 1169 678 1236 interno
708 1169 739 1232 in
768 1185 913 1249 superum
936 1169 1058 1249 poetica
1082 1169 1212 1251 quadam
1235 1183 1362 1236 nsumco

182 1277 340 1343 celeritate

489 1392 633 1468 tanquam
655 1402 759 1478 penno
781 1391 837 1448 cut
856 1383 1018 1468 capitatio,

182 1515 213 1572 et
236 1509 376 1594 devenit,
400 1509 510 1594 inquit,
534 1509 572 1573 ad
597 1514 790 1574 non-entem.
846 1507 929 1572 illurn
961 1509 1042 1572 enim
1071 1515 1198 1589 propter
1227 1527 1325 1575 exsu-

181 1613 348 1696 perantiam
386 1612 598 1694 pulcritudinis
633 1624 664 1680 et
691 1617 890 1680 formositatis
925 1615 1022 1679 crnnis
1059 1620 1166 1679 natura
1200 1621 1325 1700 expetit,

183 1720 240 1783 alin
261 1726 362 1783 autern
387 1719 485 1786 aliter.
531 1721 672 1785 Crassior
695 1728 796 1786 autern
818 1721 1129 1786 illaadbucnrenens
1148 1723 1363 1810 inseminare

181 1833 288 1908 utpote
311 1826 461 1891 imitabilis
476 1828 637 1914 quaedam,
661 1826 834 1892 escendere
858 1825 980 1908 quidem
1003 1843 1065 1890 uon
1087 1830 1202 1909 potuit;
1230 1809 1325 1893 multo

183 1931 265 1996 eninr
289 1931 418 1996 interior
439 1933 620 2018 subtilitate,
656 1919 745 2016 quam
775 1931 881 1995 habuit
908 1928 1032 2015 lilietas,
1068 1951 1147 2014 quae
1178 1951 1234 1998 sua
1266 1953 1325 2017 ope

185 2035 344 2122 escendit,
374 2036 481 2102 relicta
504 2048 560 2104 est.
614 2039 761 2104 instruxit
787 2039 881 2122 igitur
911 2035 1019 2102 filietas
1050 2041 1186 2105 crassior
1216 2040 1326 2106 talibus

175 2144 459 2230 sesequibusdarn
482 2147 556 2231 alis,
579 2147 719 2230 qualibus
741 2145 844 2229 Plato,
868 2146 893 2208 is
917 2147 969 2227 qui
991 2147 1139 2230 magister
1162 2155 1229 2212 erat
1250 2147 1326 2213 Arl-

183 2252 322 2336 stotelis,
346 2254 376 2316 in
400 2253 540 2318 Phaedro
564 2257 693 2319 enimam
716 2254 877 2339 instruxit,
914 2260 945 2317 et
973 2260 1066 2318 vocat
1095 2253 1156 2317 tale
1178 2254 1365 2327 basilidesro

183 2378 247 2423 non
271 2358 355 2443 alas,
384 2358 440 2423 sed
463 2361 600 2442 spiritum
622 2367 777 2444 sanctum,
808 2378 897 2442 quem
921 2359 1026 2423 indute
1050 2359 1204 2425 benefacio
1233 2363 1325 2428 allicit

182 2467 292 2532 lllietas
321 2475 352 2532 et
374 2469 507 2532 vicissim
530 2467 682 2530 beneficio
707 2467 846 2532 allicitur.
904 2467 1023 2550 Quippe
1046 2467 1197 2533 beneficio
1223 2469 1325 2557 allicit,

184 2575 308 2658 quondo
331 2575 425 2639 veluti
449 2575 514 2638 avis
537 2574 604 2639 alne
627 2576 713 2656 ipsae
736 2593 793 2656 per
814 2592 858 2659 se,
881 2580 1021 2640 rernotae
1044 2575 1082 2638 ab
1106 2577 1164 2661 evi,
1187 2595 1249 2640 non
1275 2579 1325 2642 la-

183 2682 240 2747 cile
269 2685 301 2747 in
332 2682 462 2746 sublime
489 2682 666 2762 terrentur,
701 2699 759 2744 nec
786 2698 893 2745 rursus
924 2682 1006 2766 ovis,
1028 2687 1146 2746 remota
1189 2685 1226 2746 ab
1259 2685 1326 2760 alis,

185 2808 250 2854 non
273 2788 365 2853 lacile
387 2789 520 2851 terretur
540 2786 571 2848 in
595 2785 696 2850 nlturn.
746 2786 850 2850 Talenr
883 2785 1035 2868 quandam
1055 2789 1206 2853 rationem
1225 2790 1365 2855 habe-rt

182 2893 233 2957 bat
257 2892 367 2957 lilietas
391 2892 429 2956 ad
452 2895 589 2975 spiritum
612 2901 749 2957 sanctum
773 2901 804 2956 et
826 2893 949 2974 spiritus
973 2893 1011 2956 ad
1032 2893 1198 2960 filietatem.
1240 2895 1326 2962 Sub-

184 3001 243 3064 lata
268 3002 348 3062 eninr
373 3018 389 3062 a
412 3001 519 3081 spiritu
540 2997 649 3062 lilietes
671 3005 815 3079 tanquam
839 3000 877 3062 ab
901 2998 957 3062 alis
987 2999 1065 3065 tollit
1087 3003 1167 3086 alas,
1196 3001 1257 3066 boc
1280 3010 1328 3067 est

185 3107 336 3188 spiritum,
356 3112 388 3168 et
410 3104 461 3168 ubi
485 3105 740 3187 appropinquavit
761 3105 862 3168 subtili
891 3105 1007 3170 lilietati
1034 3117 1064 3169 et
1093 3108 1154 3172 deo
1177 3111 1328 3174 non-enti

185 3218 216 3275 et
239 3213 290 3295 qui
312 3212 471 3276 fabricauit
493 3231 532 3276 ex
554 3212 778 3298 non-entibus,
811 3212 943 3277 attinere
974 3212 1095 3296 quidem
1117 3214 1199 3278 illum
1223 3234 1327 3280 secum

186 3337 248 3384 non
269 3326 407 3404 poterat;
431 3325 497 3384 erat
522 3320 601 3383 eninr
626 3337 688 3384 non
712 3319 998 3404 consubstantialis,
1028 3339 1087 3384 nec
1109 3331 1247 3386 naturam
1270 3323 1366 3388 he-oc

185 3425 279 3490 bebat
301 3445 368 3489 cum
390 3425 529 3506 filietate;
560 3425 617 3489 sed
648 3427 737 3490 sicuti
759 3434 875 3514 ,contra
898 3435 1035 3491 naturam
1067 3434 1115 3490 est
1141 3428 1276 3510 piscibus
1299 3437 1330 3494 et

184 3534 379 3614 perniciosus
402 3542 457 3598 etr
478 3551 572 3617 purus
597 3541 628 3597 et
649 3533 773 3619 aridus,
803 3537 843 3598 ita
878 3535 995 3616 spiritui
1026 3543 1134 3599 sancto
1159 3545 1225 3600 erat
1248 3553 1329 3599 con-

185 3647 232 3705 tra
255 3649 394 3705 naturam
417 3641 468 3704 ille
498 3641 702 3706 ineffabilibus
733 3641 919 3706 ineffabilior
951 3651 982 3707 et
1012 3641 1153 3707 omnibus
1187 3643 1330 3725 superior

187 3747 362 3811 nominibus
386 3751 550 3812 non-entis
578 3749 629 3812 dei
651 3748 740 3812 simul
763 3750 851 3812 locus
873 3756 904 3811 et
927 3749 1068 3814 lilietatis.
1111 3749 1243 3830 Reliquit
1265 3750 1329 3833 igi-

188 3860 238 3916 tur
262 3870 331 3916 eum
353 3852 463 3917 filietas
488 3872 586 3936 prope
609 3856 709 3918 locum
729 3854 810 3918 illurn
833 3855 956 3921 beatum
988 3864 1018 3920 et
1041 3857 1092 3938 qui
1114 3864 1216 3919 mente
1239 3867 1367 3920 corn-et

186 4057 399 4132 λεπτομερίαςῦ
508 4060 552 4114 63.
572 4059 614 4115 64.
635 4055 842 4134 ἀναδραμοῦσα]
861 4059 1072 4132 ἀναδραμοῦσα,
1091 4061 1288 4134 ἀναδραμοῦσα
1301 4061 1330 4116 δὲ

188 4149 355 4224 Rernaysiur
374 4160 402 4206 et
422 4149 577 4206 Buuseaiur
699 4153 743 4206 65.
770 4145 818 4229 ὧν]
841 4143 915 4208 ulfi:
936 4151 951 4205 ὅ
970 4150 999 4207 Μ
1018 4149 1175 4207 Bunserrius
1283 4157 1327 4208 66.

187 4244 312 4316 Φαίδρῳ]
325 4240 526 4298 venerreio
598 4243 641 4300 68.
661 4239 858 4315 ἔρεργαεῖταιῦ
930 4244 974 4298 74.
994 4241 1178 4320 yripr‘rrrtl]ycip
1194 4243 1248 4298 ἀπὸ
1266 4241 1329 4299 GM

186 4332 343 4391 Bnnsenius
409 4337 455 4390 76.
465 4336 513 4390 οὐκ
525 4335 608 4405 ὄντος]
619 4336 751 4397 οἰκοῦντος
764 4332 798 4389 C:
812 4337 975 4398 διοικοῦντος
985 4337 1056 4390 coni.
1067 4335 1097 4391 tt
1108 4334 1234 4391 Correxit
1246 4335 1329 4390 leco-

186 4427 248 4481 bius
285 4427 409 4500 tenor]
419 4427 537 4501 ceolric)
549 4425 620 4482 otc:
644 4428 737 4488 οὖοίας
748 4425 815 4482 ctu
835 4425 961 4483 Correxit
971 4427 1097 4483 lacobius
1167 4429 1331 4502 μεαὶῙαύιῆς

187 4517 353 4576 Bussenius
425 4517 804 4600 81.ἀρρὴτων]ἄρρηοον(]Μ
823 4517 1046 4576 Correxitlacob.
1095 4520 1330 4597 82.θεοχωρίονο
