3050 4988
228 343 293 408 ³06
338 339 557 427 (μετενόει.)
656 343 750 402 unna
772 343 820 418 vl,
843 345 894 402 ιτ.
918 345 969 402 ιε.

225 511 433 595 μορφοῦντας
453 507 509 574 τόν
530 506 686 573 ἀνοόσιον
707 511 761 572 καί
781 505 953 592 ἀγέννητον
974 505 1095 581 αἰῶνα,
1120 504 1174 565 καί
1195 499 1278 564 εἰναι
1301 497 1375 562 τοό-

226 638 297 691 ωυς
317 615 463 702 μορφάς»
486 615 525 691 ἃς
547 613 565 679 ὅ
588 615 697 703 ’‘¹’'ch
719 614 873 696 ἀγγέλους
899 616 1017 701 εἴρηκε,
1040 613 1096 688 τάς
1122 610 1273 695 διηνεκῶς
1300 605 1375 689 βλε-

227 722 353 800 ποόσας
374 726 408 788 τό
431 724 607 811 πρόσωπον
627 726 682 786 τοῦ
704 722 866 808 πατρός.

189 864 220 914 ⁶0
313 849 365 913 43.
413 847 463 912 Τά
494 847 531 911 όὲ
564 846 708 932 ὀνόματα
735 851 798 912 τῶν
828 849 987 927 στοιχείων
1018 843 1057 907 τά
1091 841 1185 906 κοινά
1212 842 1267 904 καί
1295 819 1374 926 ῥητά

227 953 380 1030 αἰῶνας
402 962 456 1019 καί
477 954 623 1035 λόγους
653 959 708 1018 καί
738 953 852 1041 ῥίζας
878 957 933 1017 καί
961 953 1169 1037 σπέρματα
1198 952 1253 1012 καί
1281 945 1376 1032 πλη-

227 1060 393 1147 ριόματα
413 1067 468 1126 καί
489 1062 668 1148 καρποὺς
688 1059 854 1145 ῶνόμασε·
885 1059 924 1125 τά
947 1058 982 1122 όὲ
1004 1055 1082 1122 καίν’
1110 1060 1169 1122 ένα
1193 1053 1376 1120 αὐτῶνκαὶ

226 1169 358 1234 ἑκάστου
380 1170 449 1234 ἰόια
470 1170 560 1259 έντῷ
583 1168 716 1253 ὀνόματι
732 1174 785 1256 τῆς
806 1167 1041 1255 ἰκήκλησίας]
1057 1163 1305 1250 ἐμπεριεχόμενα
1319 1183 1375 1225 νο-

227 1281 348 1343 εῖσθαι.
385 1273 444 1344 Ὧν
465 1280 624 1358 στοιχείων
636 1280 691 1342 τοῦ
705 1276 838 1359 έσχάτου
854 1278 1005 1356 στοιχείου
1019 1274 1053 1337 τό
1069 1273 1198 1358 ὕστερον
1214 1269 1373 1357 [γράμμα]

189 1385 341 1471 ωφωνῆν
362 1385 522 1471 προήκατο
553 1383 608 1470 τήν
629 1382 763 1461 ἑαυτοῦ,
787 1379 827 1449 οὗ
849 1381 866 1447 ό
889 1379 964 1468 ήχος
984 1379 1129 1458 έξελθῶν
1151 1379 1240 1466 [κατ’]
1264 1377 1374 1441 εἰκόνα

228 1495 291 1556 τῶν
314 1495 474 1572 στοιχείων
497 1502 633 1573 στοιχεῖα
655 1491 724 1555 ἴδια
746 1491 911 1576 ἐγέννησεν
915 1539 928 1567 ,
965 1489 1001 1566 έξ
1028 1483 1075 1552 ῶν
1103 1486 1143 1550 νά
1170 1509 1201 1549 τε
1227 1485 1374 1550 ἐνταῦθα

231 1597 506 1685 όιακεκοσμῆσθαί
535 1617 627 1685 φησι,
658 1603 714 1663 καί
744 1597 783 1662 τά
815 1597 879 1685 πρό
912 1597 1029 1660 τούτων
1065 1597 1268 1680 γεγενῆσθαι.
1328 1592 1374 1656 Τό

230 1711 338 1791 μέντοι
358 1707 492 1794 γράμμα
521 1705 611 1784 αὐτό,
643 1701 684 1770 οὗ
712 1704 730 1769 ὅ
755 1703 831 1791 ῆχος
861 1700 901 1790 ῆν
930 1701 1225 1767 συνεπακολουθῶν
1245 1703 1289 1788 τῷ
1310 1699 1374 1787 ήχῳ

230 1815 333 1892 κάτω,
356 1814 420 1880 ὑπὸ
443 1819 496 1901 τῆς
518 1814 676 1901 συλλαβῆς
696 1817 749 1899 τῆς
771 1812 885 1878 ἑαυτοῦ
908 1809 1109 1895 ἀνειλῆφθαι
1135 1811 1204 1873 ἀνω
1227 1807 1309 1888 λέγει
1330 1808 1377 1882 εἰς

192 1932 222 1982 60
231 1920 463 2008 ἀναπλήρωσιν
484 1923 540 1986 τοῦ
562 1920 655 1997 όλου,
687 1923 896 2006 μεμενηκέναι
918 1917 954 1981 δὲ
976 1917 1022 1994 εἰς
1042 1917 1081 1980 τά
1104 1916 1189 1980 κάτω
1211 1916 1266 1980 τὸν
1287 1911 1375 1998 ήχον,

233 2029 338 2115 ῶσπερ
361 2029 422 2106 ἔξω
447 2027 590 2115 ῥιφέντα.
638 2027 685 2092 Τό
712 2027 748 2091 δὲ
770 2038 922 2108 στοιχεῖον
944 2023 1032 2102 αότό,
1056 2023 1117 2110 ἀφ’
1140 2019 1182 2089 οό
1198 2027 1232 2088 τό
1245 2024 1377 2111 γράμμα

231 2137 290 2200 σόν
310 2139 348 2228 τῆ
368 2135 545 2221 ἐκφωνήσει
567 2139 603 2226 τῆ
622 2133 737 2200 ἑαυτοῦ
759 2134 902 2220 κατῆλθε
921 2137 927 2220 Ι
945 2133 1041 2210 κάτω,
1063 2133 1259 2220 γραμμάτων
1281 2135 1378 2217 φησὶν

230 2243 313 2306 εἰναι
333 2243 517 2330 τριάκοντα,
540 2246 595 2306 καί
614 2245 651 2306 ἓν
673 2244 804 2307 ἕκαστον
835 2244 897 2305 τῶν
924 2239 1094 2328 τριάκοντα
1122 2239 1317 2327 γραμμάτων
1341 2237 1378 2302 ἐν

1288 2392 1374 2400 -v--o—

232 2475 440 2559 μορφοῦντας
460 2472 515 2536 τόν
538 2468 690 2537 ἀνοόσιον
709 2476 763 2536 καὶ
784 2469 955 2558 ἀγέννητον
977 2472 1101 2549 αἰῶνα,
1122 2475 1176 2535 καὶ
1197 2471 1280 2535 εἰναι
1302 2470 1377 2534 τοό-

232 2603 304 2656 τους
323 2579 471 2666 μορφάς,
497 2578 536 2654 ἀς
564 2577 582 2642 ό
611 2577 719 2664 κόριος
748 2576 902 2660 ἀγγέλους
927 2580 1048 2665 εἴρηκε,
1079 2583 1135 2655 τάς
1164 2577 1200 2642 δὲ
1228 2577 1380 2664 διηνεκῶς

231 2686 412 2772 βλεπούσας
433 2685 468 2750 τό
490 2683 665 2773 πρόσωπον
698 2690 755 2750 τοῦ
782 2688 943 2772 πατρός.
999 2688 1049 2750 Τά
1078 2687 1114 2751 δὲ
1144 2684 1288 2770 ὀνόματα
1315 2691 1378 2750 τῶν

232 2798 392 2876 στοιχείων
412 2793 451 2866 τά
473 2792 551 2880 ῥητά
573 2797 627 2856 καί
648 2793 741 2858 κοινά
764 2793 915 2868 αἰῶνας
943 2797 997 2857 καὶ
1020 2793 1163 2874 λόγους
1192 2798 1246 2857 καὶ
1267 2791 1380 2880 ῥίζας

233 2907 287 2966 καί
310 2904 521 2989 σπέρματα
543 2905 597 2965 καὶ
618 2900 863 2989 πληρώματα
884 2905 939 2965 καί
958 2901 1137 2990 καρποὺς
1153 2900 1316 2984 ἀνόμασε·
1338 2899 1378 2965 τά

233 3010 269 3075 δὲ
292 3011 371 3074 καθ’
392 3014 450 3074 ένα
472 3010 580 3074 αότῶν
608 3015 661 3073 καὶ
686 3009 820 3074 ἑκάστου
848 3008 917 3074 ἴόια
948 3009 984 3073 έν
1014 3013 1057 3096 τῷ
1087 3008 1218 3092 ὀνόματι
1246 3013 1300 3095 τῆς
1322 3008 1381 3073 έκ-

233 3116 400 3203 κλησίας
421 3117 670 3204 ἐμπεριεχόμενα
690 3121 840 3183 νοεῖσθαι
862 3117 940 3203 ἔφη,
963 3117 1007 3194 ῶς
1028 3121 1179 3199 στοιχείου
1200 3117 1234 3182 τό
1251 3117 1381 3204 ὕστερον

232 3224 366 3312 γράμμα
381 3225 493 3311 φωνήν
514 3223 676 3311 προήκατο
697 3227 753 3311 τήν
773 3223 890 3301 αότοῶ,
913 3219 953 3288 οὗ
973 3222 1048 3310 ῆχος
1074 3225 1220 3302 έξελόῶν
1247 3225 1314 3288 κατ2
1334 3224 1383 3288 εἰ-

234 3333 314 3397 κόνα
336 3335 398 3395 τῶν
414 3334 573 3412 στοιχείων
589 3343 725 3412 στοιχεῖα
739 3330 808 3395 ἴόια
821 3331 1001 3418 ἐγέννησεν,
1022 3333 1058 3410 έξ
1076 3327 1122 3397 ῶν
1136 3331 1219 3398 τότε
1233 3332 1381 3396 ἐνταῦθα

234 3440 534 3525 κατακεκοσμήσθαί
562 3457 640 3527 φησι
665 3443 720 3503 καί
751 3443 814 3504 τῶν
845 3441 909 3524 πρό
939 3441 1057 3505 τούτων
1083 3445 1285 3527 γεγενῆσθαι.
1332 3441 1381 3506 Τό

233 3551 339 3631 μέντοι
352 3546 486 3631 γράμμα
499 3545 575 3611 αὐτό
587 3547 622 3610 τό
636 3549 706 3632 [sic]
722 3543 851 3636 ήχοςτιῆ
859 3548 937 3634 ἤχει,
960 3543 1030 3612 οόό
1046 3545 1121 3634 ήχος
1141 3547 1181 3635 ῆν
1204 3567 1383 3613 συνεπακο-

235 3654 369 3719 λουθῶν
390 3657 432 3742 τῷ
454 3656 540 3740 ῆχει,
563 3658 618 3718 καί
638 3655 672 3718 τό
704 3652 769 3719 ὑπὸ
801 3659 855 3741 τῆς
884 3655 1044 3742 συλλαβῆς
1071 3661 1124 3743 τῆς
1150 3656 1264 3721 ἑαυτοῦ
1294 3655 1383 3720 ἀνει-

234 3761 366 3848 λῆφθαι
388 3761 457 3827 ἄνω
481 3762 583 3844 λέγειν
604 3762 650 3838 εἰς
671 3761 906 3849 ἀναπλήρωσιν
924 3769 980 3828 τοῦ
1002 3751 1106 3842 όλου,Ι
1121 3767 1330 3851 μεμενηκέναι
1345 3764 1382 3829 δὲ

234 3870 280 3943 εἰς
301 3869 339 3933 τὰ
361 3867 447 3932 κάτω
469 3868 524 3934 τόν
551 3867 638 3957 ήχον,
662 3869 768 3956 ῶσπερ
797 3870 859 3950 ἔξω
891 3869 1035 3958 ῥιφέντα.
1091 3873 1137 3938 Τό
1167 3872 1203 3938 δὲ
1232 3883 1384 3954 στοιχεῖον

235 3974 324 4052 αότό,
348 3974 409 4061 ἀφ’
430 3971 519 4041 οὔτὸ
536 3977 669 4064 γράμμα
686 3977 744 4043 σόν
758 4002 793 4070 τη
812 3977 989 4066 ἐκφωνήσει
1004 3983 1041 4071 τῆ
1055 3978 1169 4044 ἑαυτοῦ
1183 3979 1384 4064 συγκατῆλθε

235 4082 332 4160 κάτω,
354 4083 374 4146 ό
393 4083 589 4167 γραμμάτων
610 4085 694 4148 εἶναί
715 4102 794 4172 φησι
814 4085 1002 4174 τριάκοντα,
1033 4091 1088 4150 καὶ
1114 4089 1151 4152 ἓν
1168 4089 1300 4152 ἕκαστον
1321 4089 1383 4150 τῶν

252 4237 961 4250 ---···-·-·-------ι.-μι-ι-...-.--.--...-.....,
1337 4235 1375 4248 ..-

272 4321 316 4373 47.
335 4313 495 4391 ἀγίνητονῦ
531 4317 576 4372 48.
589 4319 633 4371 49.
653 4315 909 4385 cs.Matth.18,10.
965 4323 1009 4376 50.
1024 4316 1096 4396 ῥητά]
1106 4319 1209 4393 ῥήματα
1221 4317 1243 4373 C
1254 4317 1284 4375 M
1338 4322 1381 4374 52

241 4409 382 4482 ὠνόμασε·
401 4410 431 4464 τά
449 4409 478 4463 de*
496 4409 559 4462 καθ’
574 4409 622 4464 ίνα
641 4409 738 4480 αὐτῶν]
757 4411 784 4464 τί
801 4414 864 4468 καθ’
882 4410 1021 4468 ίανεῶνῦ
1092 4413 1137 4467 53.
1157 4414 1225 4482 ww]
1246 4415 1302 4486 ἰόόςι
1321 4410 1384 4470 CM

240 4503 284 4556 53.
297 4504 340 4556 54.
351 4508 480 4557 νοεῖσθαι.
493 4493 544 4556 Ὧν
555 4506 691 4575 στοιχείων
698 4504 752 4573 τοῦ]
761 4511 882 4562 νοεῖσθαι
896 4504 946 4560 τῶν
959 4510 1103 4578 στοιχείων.
1125 4505 1179 4559 Τοῦ
1198 4502 1220 4559 C
1237 4503 1268 4559 M
1340 4507 1384 4560 54.
