3052 4984
594 329 765 390 DOORTAM.

268 581 601 658 REFUTATIONIS
628 581 806 656 OMNIUM
833 581 1098 655 HAERESIUM

516 723 629 790 LIBER
661 724 854 790 OCTAVUS.

591 870 778 882 ,0-

197 977 226 1045 l.
271 981 355 1047 llaec
373 983 477 1049 insunt
498 988 528 1050 in
553 961 663 1052 octavo
685 984 764 1048 libro
788 981 980 1046 refutationis
1011 981 1145 1045 omnium
1173 977 1253 1043 hae-

97 1087 242 1152 resium:

196 1195 226 1258 2.
271 1195 426 1270 Quaenam
449 1197 587 1281 Qpinarii
609 1198 769 1284 (Docetae)
799 1195 913 1281 opinati
942 1195 1020 1280 sint,
1050 1213 1129 1278 quos
1152 1211 1169 1256 a
1194 1213 1254 1256 na-

100 1301 199 1364 turali
222 1302 413 1386 philosophia
438 1305 595 1388 proiectos
620 1306 789 1371 doctrinam
814 1323 897 1371 suern
922 1301 1084 1386 professos
1107 1319 1188 1366 esse.

197 1409 228 1476 3.
274 1412 435 1487 Quomodo
458 1414 630 1479 Monoimus
654 1413 782 1496 ineptiat
805 1413 906 1496 poetis
929 1420 960 1476 et
972 1411 1141 1495 geometris
1158 1406 1277 1473 arith-⁵

104 1517 292 1600 melicisque
316 1537 387 1583 sese
410 1521 575 1602 applicans.

197 1623 228 1688 4.
275 1626 437 1701 Quomodo
462 1628 606 1692 Tatianus
630 1626 788 1710 proiectus
820 1625 859 1688 sit
889 1645 904 1688 a
936 1623 1088 1690 Valentini
1117 1630 1147 1686 et
1169 1621 1257 1686 Mar-

107 1730 211 1795 cionis
240 1734 398 1814 sententiis
430 1751 501 1798 suas
535 1737 630 1816 ipsius
668 1733 875 1814 constituam,
905 1731 1120 1816 Hermogenes
1153 1738 1255 1795 autern

107 1837 247 1902 Socratis
270 1840 389 1922 placitis
411 1859 484 1906 usus
506 1843 562 1924 sit,
586 1859 650 1906 non
674 1840 796 1905 christi.

196 1946 226 2012 5.
272 1947 436 2022 Quomodo
470 1949 631 2034 aberrent,
661 1951 713 2030 qui
741 1945 908 2030 utpasoha
931 1943 1123 2008 diedecima
1146 1951 1292 2026 quartam

108 2051 268 2118 eelebrent
290 2055 423 2138 litigiose
447 2057 643 2122 contendant.

194 2160 225 2228 6.
270 2163 416 2237 Quisnam
440 2167 479 2229 sit
502 2184 591 2230 error
612 2163 784 2248 Phrygum,
808 2160 861 2243 qui
883 2160 1063 2226 Montanum
1080 2168 1112 2226 et
1131 2159 1256 2224 Priscil-

108 2265 167 2330 lam
189 2266 447 2352 MaximiMamque
471 2267 638 2352 prophetas
662 2284 732 2332 esse
755 2273 872 2349 putent.

195 2373 225 2438 7.
272 2374 428 2448 Quaenam
452 2374 679 2440 continentium
703 2372 945 2458 [Encratitarum)
970 2372 1009 2435 sit
1030 2369 1129 2436 inanis
1144 2372 1254 2460 gloria,

109 2497 239 2561 quorum
263 2488 427 2565 praecepta
450 2501 490 2546 ex
513 2483 605 2564 ipsis,
635 2499 698 2545 non
733 2499 773 2544 ex
802 2481 899 2544 sacris
930 2480 1088 2563 seripturis
1112 2481 1293 2565 prolectatt

109 2605 197 2672 esse,
220 2587 290 2672 [sed
314 2606 354 2652 ex
376 2588 636 2673 gymnosophistis
660 2588 739 2672 apud
762 2586 879 2674 ludos]

195 2795 226 2862 8.
272 2798 421 2872 Quoniam
444 2797 583 2881 plerique
613 2799 744 2864 consilio
774 2799 888 2862 domini
919 2816 981 2862 non
1013 2798 1061 2862 usi
1082 2800 1198 2862 trabem
1221 2801 1250 2862 in

112 2905 205 2968 oculo
227 2905 377 2968 habentes
407 2905 571 2970 revidere
601 2907 802 2989 profitentur,
836 2925 904 2970 cum
934 2907 1121 2990 caecutiant,
1151 2907 1252 2990 piacet

111 3011 201 3074 nobis
223 3029 263 3076 ne
285 3010 392 3077 horum
418 3013 539 3093 quidem
563 3014 706 3095 dogmata
735 3013 846 3098 silere,
874 3019 907 3076 ut
937 3012 988 3076 vel
1010 3031 1066 3095 per
1087 3013 1253 3078 relutatio-

108 3137 178 3182 nem
193 3139 209 3182 a
226 3120 316 3184 uoltis
339 3119 448 3183 lactem
473 3137 512 3182 ex
538 3139 573 3184 se
596 3123 670 3202 ipsis
692 3121 845 3202 pudentes
868 3128 1070 3204 cognoscant,
1094 3121 1290 3202 quomodoao

108 3227 268 3290 consilium
292 3225 411 3289 dederit
434 3226 570 3290 salvator
599 3228 781 3291 eximendae
813 3228 907 3291 trahis
937 3229 1054 3312 primo,
1086 3235 1146 3292 tum
1176 3247 1252 3310 per-

108 3333 288 3415 spiciendae
310 3334 449 3398 festucae
472 3336 503 3397 in
526 3335 618 3399 oculo
648 3335 759 3399 iretris.
815 3334 1009 3400 Sullioienter
1036 3337 1128 3419 igitur
1156 3337 1251 3401 satis·
1376 3325 1387 3356 ¹

109 3459 169 3522 que
205 3447 366 3524 postquam
401 3443 598 3523 exposuimus
636 3443 833 3524 plurimorum
875 3442 1034 3506 doctrinas
1066 3443 1097 3506 in
1133 3449 1250 3524 septem

108 3550 159 3630 qui
183 3547 263 3613 hunc
287 3548 476 3630 praecedunt
497 3549 601 3635 libris,
631 3568 713 3614 nunc
744 3567 824 3631 quae
850 3555 1020 3632 sequuntur
1049 3567 1111 3614 non
1142 3548 1252 3612 silebi-

109 3673 192 3740 mus,
215 3664 418 3721 monstrantes
439 3655 651 3719 liberalitatem
675 3658 792 3738 gratiae
822 3655 946 3738 spiritua
973 3655 1088 3739 sancti,
1119 3655 1250 3738 illosque
1260 3671 1289 3720 eo

109 3764 161 3845 qui
183 3762 338 3844 opinando
361 3765 558 3826 securitatem
580 3781 757 3829 sermonum
791 3781 862 3827 sese
893 3769 1002 3826 nactos
1034 3780 1105 3826 essa
1134 3771 1250 3848 putant,

1 3885 2 3892 ¹
108 3888 329 3956 coarguemus,
365 3870 416 3953 qui
449 3871 572 3952 quidem
606 3881 706 3936 semet
736 3872 821 3953 ipsos
854 3871 989 3934 Docetas
1021 3870 1252 3952 appellaverunt

108 4115 231 4187 σννισηῖν
251 4109 289 4168 C:
307 4112 390 4175 δόξας
406 4113 491 4185 lcurpi
507 4114 635 4168 waremie
653 4113 728 4170 coni.
747 4111 776 4168 M
927 4114 970 4168 lt.
987 4113 1162 4187 'Eyapcrproir
1180 4110 1202 4169 C
1220 4111 1251 4168 M

110 4208 152 4262 14.
175 4206 217 4261 15.
243 4209 270 4268 tr
295 4205 382 4260 αὐτῶν
405 4206 453 4260 καὶ
477 4206 593 4262 delenda
621 4223 684 4262 erae
710 4216 807 4262 censet
829 4202 860 4260 M
1012 4206 1054 4261 15.
1082 4205 1124 4260 16.
1152 4205 1251 4260 ott·-

107 4299 330 4372 yupaoaopromir
357 4298 466 4353 uncinis
491 4298 653 4353 inclusimus
788 4299 830 4353 17.
856 4315 915 4372 sqq.
943 4296 985 4352 Cl'.
1009 4295 1107 4352 Matth.
1135 4299 1161 4362 7,
1180 4297 1204 4352 3.
1223 4299 1250 4353 4.

107 4389 174 4446 Luc.
193 4393 218 4456 6,
237 4393 281 4446 41.
301 4391 346 4447 12.
427 4391 468 4447 18.
487 4387 717 4466 ἐπαγγέὶονταιῦ
789 4391 911 4462 20.an
929 4385 1028 4464 αὐτῶν]
1048 4389 1152 4442 abacia?
1204 4390 1249 4443 27.

108 4483 175 4540 Post
189 4485 326 4552 κεκτῆσθαι
344 4485 445 4540 excidit
463 4487 603 4560 alapre'rovc
625 4489 669 4545 rel
688 4484 742 4538 tale
761 4483 835 4557 quid.
853 4481 884 4537 M
973 4479 1041 4557 elye]
1061 4483 1102 4542 οἷς
1122 4477 1158 4534 C:
1176 4483 1206 4534 ol
1220 4479 1249 4536 M
