2920 4982
136 331 427 392 uuclulautlato:
469 331 677 392 curiosulus
723 331 901 392 naissum.
947 331 1112 392 tunultu.
1171 328 1236 396 503

74 511 218 589 terram,
240 510 332 584 aera3
360 499 452 568 deum
474 507 577 570 autem
599 518 672 568 esse
694 499 761 566 eius
784 501 942 586 opificem,
974 501 1148 587 exemplum
1175 519 1274 582 au-eo
1315 553 1319 558 .

75 621 148 678 lem
172 619 315 678 mentem.

171 718 203 788 8.
249 721 388 786 Persuasi
410 721 503 804 igitur
524 717 561 782 ah
577 715 624 783 his
647 716 790 784 omnihus
804 717 873 783 sine
889 717 982 784 dubio
996 735 1102 803 parum
1117 717 1233 784 firmam

74 831 218 896 inveniri
239 830 455 915 physiologiae
478 829 640 913 rationem,
664 827 722 911 ipsi
745 826 785 892 de
809 829 945 894 veritatis
967 828 1127 915 exemplis,
1150 848 1233 912 quo-

74 939 178 1006 modo
202 943 264 1005 sint
285 947 317 1006 et
339 947 430 1023 prout
447 958 505 1006 nos
527 937 738 1023 confidamus,
761 937 913 1022 impavide
935 937 1116 1022 loquemur,
1137 941 1229 1032 insu-

74 1069 136 1133 per
160 1059 192 1115 et
214 1049 499 1116 haeresiarcharum
526 1049 646 1133 placitis
673 1049 844 1114 summatim
878 1049 961 1130 prius
993 1049 1161 1133 expositis,
1188 1056 1269 1126 ut,to

73 1159 130 1224 uhi
157 1160 250 1224 eliam
273 1159 333 1226 hoc
355 1158 448 1224 modo
472 1166 635 1242 perspecta
659 1159 794 1222 omnium
818 1156 962 1242 dogmata
985 1158 1233 1242 exposuerimus,

72 1275 219 1352 apertam
242 1274 274 1332 et
295 1277 489 1351 perspectam
512 1268 670 1331 veritatem
695 1265 903 1332 ostendamus.

166 1375 198 1440 9.
241 1375 302 1442 Sed
326 1377 471 1459 quoniam
504 1374 544 1438 ita
578 1374 693 1459 placet,
728 1373 843 1437 initium
877 1371 1023 1438 ducamus
1052 1373 1181 1456 primurn
1211 1393 1229 1438 a

72 1483 235 1564 serpentis
260 1482 440 1549 cultoribus.
493 1481 645 1546 Naasseni
676 1480 833 1545 hominem
863 1489 974 1546 vocant
1003 1483 1132 1565 primurn
1154 1483 1228 1547 uni-

73 1609 243 1655 versorum
264 1591 462 1676 principium,
489 1593 650 1673 ipsumque
672 1588 819 1653 etlilium
842 1587 988 1673 hominis,
1022 1607 1093 1654 eum
1125 1599 1265 1660 autemus

73 1699 226 1766 trifariam
249 1699 396 1764 dividunt.
441 1698 496 1762 Est
525 1700 607 1761 enim
640 1699 724 1781 eius,
748 1697 919 1782 inquiunt,
951 1696 1032 1762 allud
1063 1698 1226 1785 rationale,

72 1807 159 1872 allud
192 1806 341 1892 animale,
378 1806 460 1870 atiud
487 1805 638 1870 choicum.
693 1805 812 1868 Vocant
846 1813 947 1870 autern
979 1822 1048 1869 eum
1080 1803 1220 1871 Adaman

73 1923 174 1998 atque
203 1923 333 1980 censent
355 1916 565 1998 cognitionem
595 1913 663 1976 eius
695 1929 766 1976 csse
801 1911 917 1976 initium
946 1914 1133 1995 cognitionis
1161 1912 1221 1978 dei.

71 2023 111 2088 Et
133 2021 213 2087 haee
237 2025 339 2088 omnia
362 2021 523 2087 rationalia
548 2028 579 2084 et
602 2020 743 2088 animalia
773 2028 804 2084 et
826 2019 935 2086 choica
959 2023 1093 2086 cessisse
1115 2023 1146 2086 in
1168 2021 1222 2086 le-

71 2149 141 2196 sum
166 2139 198 2196 et
220 2130 310 2196 simul
333 2149 393 2196 una
416 2149 473 2213 per
502 2149 571 2194 eum
601 2129 721 2194 locutos
752 2146 822 2192 esse
850 2127 908 2194 has
938 2137 1002 2194 tres
1035 2131 1244 2200 substantiast

71 2239 171 2303 trihus
205 2239 384 2324 generibus.
451 2237 591 2304 Universi
632 2237 662 2302 hi
693 2236 832 2302 dictitant
862 2240 920 2302 tris
954 2256 1091 2324 genera,
1121 2256 1230 2323 angeg

70 2348 181 2432 licum,
213 2346 360 2432 animale,
394 2345 554 2430 choicum,
586 2353 712 2428 tresque
741 2363 812 2410 esse
836 2345 1004 2429 eeclesias,
1038 2345 1219 2434 angelicam,

72 2454 255 2537 animalem,
289 2455 448 2532 cholcam;
488 2453 610 2518 nomina
645 2459 746 2516 autem
786 2471 906 2518 aarum:
948 2454 1061 2539 electa,
1100 2461 1218 2541 vocata,

72 2565 201 2645 captiva.
243 2563 288 2628 Ea
309 2569 381 2628 sunt
404 2562 564 2628 doctrinae
587 2579 694 2625 eorum
715 2562 832 2644 capite,
854 2562 943 2626 sicuti
967 2561 1104 2626 breviter
1126 2581 1237 2634 com-a

71 2671 164 2753 plecti
190 2670 270 2734 licet.
328 2669 413 2733 llaec
442 2669 543 2733 dicunt
573 2667 738 2733 tradidisse
766 2668 910 2734 lacohum
947 2669 1061 2734 donnini
1093 2669 1217 2735 trahem

71 2777 275 2862 hiarianrnae,
298 2777 491 2842 diffamantes
515 2776 633 2840 ambos.

160 2883 208 2950 10.
233 2885 362 2950 Peratae
385 2892 500 2968 autem,
531 2884 667 2948 Ademes
693 2881 848 2967 Carystius
871 2893 902 2948 et
924 2883 1097 2968 Euphrates
1119 2887 1216 2951 Pera-

72 2995 165 3076 licus,
187 2995 291 3058 dieunt
314 3011 385 3058 esse
408 3011 500 3058 unum
527 2992 659 3075 aliquem
683 2991 836 3076 mundum,
865 2995 907 3056 ita
932 3000 1080 3058 vocantes
1103 2992 1214 3076 hunce,

74 3101 217 3164 trilariam
252 3101 390 3165 divisum.
445 3100 501 3165 Est
532 3107 633 3164 autem
670 3100 806 3164 trilariae
840 3100 1002 3166 divisionis
1038 3105 1118 3184 apud
1157 3115 1254 3168 eosto

68 3235 569 3251 auom—*n*—

155 3307 342 3372 Theodoret.
365 3307 459 3374 Ηοον.
480 3307 546 3387 sah.
572 3305 598 3390 l,
621 3307 669 3370 17.
710 3303 845 3392 ’Λδέμης
866 3303 903 3370 δὲ
925 3303 943 3370 d
966 3307 1143 3392 Καρύστιος
1160 3313 1215 3374 sat

74 3412 284 3502 dummoc
305 3412 494 3500 Εὕφροίσης,
518 3409 576 3499 ἀφ’
606 3408 647 3478 οὔ
674 3412 819 3499 Περόται
851 3415 1160 3503 προσηγορεύθησαν
1182 3414 1215 3480 οἱ

73 3523 185 3590 eoduma
206 3521 404 3610 ὁμόφρονες,
436 3525 496 3588 ἕνα
524 3521 645 3606 κόσμον
672 3523 756 3587 rival
784 3541 866 3610 φασι
896 3528 985 3610 τριχῆ
1013 3524 1213 3615 διῃρημένον.

76 3639 134 3700 Καὶ
152 3637 186 3698 τὰ
208 3636 269 3717 μὲν
290 3637 326 3700 ἓν
345 3637 442 3722 μέρος
461 3630 532 3698 olo'u
553 3655 625 3698 τινα
645 3632 750 3720 πηγὴν
769 3633 853 3697 alum
867 3633 1019 3722 μεγάλην,
1031 3634 1077 3711 εἰς
1093 3635 1213 3723 ἄπειρα

76 3864 117 3919 τοῦ
131 3865 235 3928 παντός.
273 3865 372 3922 Tcdmo
396 3864 564 3941 Bernaysius
682 3869 703 3922 1.
721 3870 782 3939 πρὶν
799 3865 873 3946 γένη]
894 3869 998 3942 τριγονῆ
1016 3867 1037 3925 C
1055 3867 1094 3926 ll.
1133 3869 1213 3927 Sicut

77 3975 123 4016 σοι
140 3955 306 4032 Βοηιοηιίοι
324 3978 434 4034 quoque
454 3971 482 4016 et
500 3959 534 4018 u.
554 3959 667 4018 Scottus
686 3970 866 4018 consuerunt
955 3966 981 4019 5.
1002 3966 1080 4035 ηοω]
1092 3983 1173 4036 φησιν
1190 3961 1212 4020 C

77 4055 165 4110 7-37.
184 4051 228 4110 cl.
246 4071 329 4126 supra
349 4073 375 4127 p.
398 4056 457 4112 176.
480 4057 546 4122 178,
564 4054 745 4129 Βοῐοογιίσοι
770 4057 789 4115 l.
809 4058 828 4112 1.
852 4077 880 4130 p.
899 4059 993 4114 311-
1006 4059 1037 4114 18
1061 4067 1090 4112 ο1
1112 4055 1212 4114 Theo-

80 4147 158 4202 dorcl
196 4151 274 4204 Beer.
294 4150 349 4216 [od.
369 4147 388 4212 l,
410 4149 450 4214 17,
470 4149 550 4204 cuius
567 4149 650 4205 rerba
676 4167 709 4204 ex
728 4148 882 4223 Hippolyto
906 4149 1002 4206 hausta
1028 4151 1113 4204 textui
1138 4168 1211 4222 sup·

77 4238 208 4314 cosmarus
334 4240 361 4296 7.
380 4238 507 4317 Περάτου]
523 4241 640 4313 Haedum
659 4239 681 4298 C
698 4239 728 4298 ll
752 4241 922 4317 Bernaysius
1034 4241 1141 4317 Ἀσὲμης
1165 4239 1208 4299 Cl.

79 4351 149 4408 supra
168 4352 194 4406 μ.
214 4333 259 4390 dl·
278 4341 336 4390 not.
356 4333 390 4388 ad
409 4332 428 4388 l.
450 4331 492 4390 16.
515 4334 557 4390 17.
664 4335 825 4411 Καρόσννος]
844 4333 1045 4410 Καροίστνοςῦ
1136 4338 1163 4392 7.
1180 4339 1207 4394 8.

78 4427 208 4500 liuidus
225 4425 239 4480 ὅ
257 4423 414 4504 mamete]
429 4425 561 4500 haedus
579 4428 765 4504 ”tomicss
897 4431 924 4485 ⁹·
950 4430 992 4497 vis
1014 4430 1098 4503 roal]
1122 4433 1209 4505 aaa

80 4517 114 4586 ῦς
131 4518 163 4574 cl.
183 4535 265 4593 supra
285 4537 312 4594 μ.
335 4521 393 4586 tto,
410 4519 448 4576 '12
996 4539 1003 4552 ’
