3050 4988
625 310 810 372 uasurnss
1237 301 1301 371 ³65

162 475 313 559 prehendi
346 477 488 560 aliquove
510 476 606 543 uerbo
630 479 786 562 designari
822 482 971 559 nequeat,
1002 491 1065 540 nun
1095 478 1217 558 penitus
1240 477 1303 540 de·

162 588 277 646 sertum
300 601 358 648 nec
382 584 554 648 seiunctum
577 604 595 649 a
616 584 759 665 filietate;
792 585 848 648 sed
878 585 971 648 veluti
991 585 1023 646 in
1046 583 1201 648 vasculum
1224 583 1303 648 inlu·

162 709 229 756 sum
251 701 442 777 unguentum
465 691 740 777 fragrantissimum
763 693 789 756 si
813 691 863 756 vel
881 691 1113 774 diligentissima
1131 708 1205 754 carc
1227 708 1304 754 era-

164 799 316 885 cuabitur,
346 807 447 864 umen
470 801 552 866 udor
573 799 696 882 quidam
720 801 868 885 unguenti
891 799 1047 863 etiamtum
1071 805 1174 862 manet
1197 805 1228 861 ot
1249 817 1305 862 re-

163 905 318 992 linquitur,
342 910 460 974 ctiamsi
482 928 500 973 a
522 907 645 974 vasculo
668 913 842 990 separatum
865 907 917 991 sit,
947 914 978 970 et
1007 907 1156 990 unguenti
1177 906 1345 972 odoremet

163 1015 276 1077 retinet
297 1033 361 1098 rus,
385 1016 443 1080 etsi
466 1033 528 1080 non
551 1024 754 1100 unguentum:
788 1015 828 1078 lta
857 1015 980 1096 spiritus
1010 1019 1135 1078 sanctus
1161 1013 1308 1076 remansit

165 1139 182 1184 a
205 1121 328 1187 filietate
350 1130 488 1187 remotus
519 1129 550 1188 et
571 1125 745 1206 seiunctus,
779 1120 874 1186 habet
904 1127 1004 1185 autem
1035 1122 1066 1184 in
1094 1138 1129 1184 se
1157 1121 1307 1206 unguenti

166 1229 303 1293 similiter
326 1233 385 1294 rim
408 1249 517 1316 suam,
540 1230 672 1295 filietatis
698 1231 843 1312 odorem,
868 1236 899 1292 et
921 1227 982 1294 hoc
1004 1234 1065 1312 est,
1088 1227 1171 1310 quod
1195 1229 1306 1292 dictum

165 1343 231 1400 est:
263 1338 352 1401 stem
371 1347 557 1420 unpeeatum
589 1339 622 1402 ia
660 1339 781 1422 cupite,
814 1337 898 1420 quod
927 1336 1086 1398 &asendit
1117 1338 1150 1399 in
1179 1335 1308 1400 cartam

167 1445 290 1524 Amen,
315 1464 333 1509 c
355 1445 462 1528 spiritu
484 1453 593 1510 sancto
617 1445 736 1510 delatus
766 1445 845 1508 odor
875 1462 915 1506 ex
942 1444 1003 1508 alto
1032 1443 1179 1506 inimum
1208 1453 1346 1524 usqueas

166 1552 203 1615 ad
234 1552 454 1618 informitatem
485 1561 516 1616 et
546 1552 674 1637 gradum
704 1559 858 1634 nostrum,
887 1550 970 1614 unde
1000 1557 1147 1631 coeperat
1177 1569 1306 1635 surgere

165 1657 289 1746 filietas,
312 1667 456 1742 tanquam
478 1662 509 1722 in
534 1659 588 1724 ulis
611 1660 749 1742 aquilae,
772 1659 885 1740 inquit,
910 1657 1039 1738 eiusque
1062 1658 1156 1722 dorsu
1178 1657 1307 1722 sublate.

166 1765 308 1830 Nituntur
329 1767 410 1831 enim
433 1769 553 1851 omnia,
581 1768 696 1851 inquit,
725 1785 765 1830 ex
787 1769 848 1831 imo
871 1766 903 1828 in
926 1765 1035 1848 altum,
1064 1765 1309 1830 austerioribus

167 1873 198 1936 in
221 1875 364 1956 meliora3
388 1874 459 1938 nihil
483 1881 585 1938 autern
609 1875 689 1940 adeo
712 1875 849 1956 ineptum
872 1880 918 1938 est
941 1891 1067 1958 eorum,
1091 1891 1170 1954 quae
1190 1874 1221 1937 in
1240 1891 1308 1935 me-

166 1979 294 2046 lioribus
316 1990 406 2068 sunt,
438 1989 471 2046 ut
500 2000 541 2044 ne
572 1982 741 2047 descendat
762 1983 792 2044 ln
813 1981 904 2044 imum
936 1979 974 2064 (h.
997 1997 1024 2044 e.
1055 1997 1119 2045 non
1149 1980 1332 2044 descenditt

167 2085 331 2168 quidquam
355 2104 479 2172 eorum,
503 2104 583 2168 quae
605 2087 636 2151 in
660 2087 830 2172 eliceant,
858 2083 1024 2168 inimum).
1075 2085 1177 2150 Tertia
1209 2093 1309 2149 eutem

167 2191 290 2272 lllietas,
313 2194 427 2278 inquit,
457 2212 494 2258 ea
525 2212 606 2277 quae
630 2197 813 2278 purgatione
837 2199 927 2277 eget,
957 2191 1108 2258 immansit
1138 2194 1169 2255 ic
1198 2211 1311 2276 magno

168 2302 384 2365 universorum
409 2301 558 2366 seminum
582 2319 694 2366 acervo
722 2300 873 2366 beneficia
904 2307 934 2364 et
964 2299 1061 2362 edens
1087 2305 1117 2362 et
1147 2299 1311 2382 recipiens.

168 2407 266 2482 Quem
290 2414 391 2474 autem
411 2410 442 2472 iu
464 2407 587 2502 modum
610 2408 763 2473 beneficia
786 2409 858 2473 edat
885 2414 916 2470 et
937 2407 1079 2491 recipiat,
1110 2406 1239 2488 posthac
1261 2408 1335 2471 (ιι-ι

170 2532 291 2598 cemus,
313 2515 365 2579 ubi
388 2516 425 2580 ad
444 2515 545 2581 locum
569 2517 599 2580 ei
620 2517 665 2580 rei
689 2518 844 2599 proprium
868 2516 1091 2579 devenerimus.

254 2617 307 2688 23.
352 2620 427 2684 Cum
458 2621 552 2704 igitur
589 2621 723 2685 extiterit
752 2623 848 2703 prima
880 2626 911 2684 et
940 2620 1035 2682 altera
1058 2619 1200 2684 escensio
1229 2617 1312 2682 filie·

170 2726 240 2790 tetis
267 2732 298 2790 et
325 2727 470 2792 manserit
499 2726 541 2789 ibi
570 2727 694 2808 spiritus
725 2733 850 2792 sanctus
881 2745 920 2790 co
953 2743 1015 2808 quo
1046 2725 1177 2790 diximus
1211 2724 1313 2808 modo,

170 2831 391 2896 firmamentum
424 2835 456 2897 in
486 2833 589 2896 medio
624 2833 940 2915 supramundanorum
978 2837 1009 2894 et
1039 2830 1143 2896 mundi
1175 2831 1314 2897 colloca-

170 2946 233 3002 tum
265 2973 310 2988 --
353 2940 450 3004 divisa
483 2940 563 3004 eninr
594 2946 664 3003 sunt
694 2959 711 3003 a
742 2939 873 3004 Basilide
905 2956 1047 3021 quaeque
1076 2945 1147 3002 sunt
1183 2938 1215 3001 in
1238 2937 1352 3001 duas¹⁰

172 3044 396 3125 praecellentes
433 3050 463 3107 et
494 3047 648 3128 principes
677 3045 811 3122 classes,
840 3053 872 3109 et
902 3052 1029 3109 vocatur
1051 3043 1221 3106 secundum
1244 3061 1313 3106 eum

172 3149 301 3214 alterum
322 3149 477 3231 quoddam
498 3151 646 3230 mundus,
679 3150 806 3216 alterum
830 3157 931 3216 autern
952 3149 1108 3233 quoddam
1128 3169 1315 3233 supremus-

173 3255 275 3334 dcnc,
309 3255 391 3337 quud
416 3264 517 3321 autem
539 3259 569 3321 in
595 3257 699 3322 medio
731 3263 779 3322 est
806 3256 910 3320 mundi
940 3265 968 3319 et
999 3258 1315 3339 supramundanorum

173 3363 376 3424 ermemirus
397 3363 524 3444 spiritua
545 3363 615 3449 ille,
647 3367 673 3428 is
699 3366 751 3448 qul
773 3373 822 3430 est
846 3370 877 3427 et
906 3370 1029 3428 sanetus
1052 3374 1081 3429 et
1103 3364 1235 3430 filietatis
1258 3365 1317 3428 ha-

173 3465 227 3530 bet
248 3475 422 3532 manentem
446 3471 476 3534 in
499 3488 571 3535 sese
596 3471 724 3535 odorem
747 3489 880 3534 —cum
902 3471 994 3554 igitur
1019 3472 1058 3534 sit
1086 3469 1317 3557 firmamentum,
1326 3477 1355 3530 ts

176 3572 258 3655 quod
290 3583 454 3658 estsuper
486 3579 625 3662 caelum,
650 3580 751 3660 erupit
779 3586 811 3642 et
841 3584 1007 3660 generatus
1036 3587 1083 3642 est
1116 3599 1133 3643 a
1165 3579 1319 3644 mundano

176 3681 294 3744 semine
318 3689 349 3745 et
371 3683 536 3748 seminario
561 3684 663 3750 acervi
685 3704 814 3768 nepaes
837 3685 968 3768 metm,
992 3694 1082 3767 caput
1104 3687 1227 3770 mundi,
1246 3685 1318 3768 pul-

176 3817 337 3886 ἐπιπόθηω,
357 3818 423 3881 διεὶς
441 3819 486 3882 τὰς
503 3823 634 3894 πτέρυγας
653 3821 734 3877 αὐτοῦ
751 3823 855 3884 ἐδέξατο
880 3819 989 3885 αὐτούς,
1012 3820 1059 3875 arri
1080 3821 1208 3892 ἀνέλαβεν
1226 3821 1320 3886 edacis

175 3909 219 3965 int
235 3910 287 3965 auia·
303 3913 478 3984 persequor
495 3913 584 3968 admo.
622 3911 663 3970 Cl.
684 3911 793 3970 eidos.
815 3915 856 3980 19,
875 3915 901 3968 4.
1025 3915 1069 3968 99.
1089 3913 1210 3991 ἀνόητόν]
1229 3918 1319 3984 ἀκίνη-

175 4001 221 4056 τόν
240 4000 396 4058 Bunsenius
521 4008 550 4059 ir
578 4006 631 4060 add
652 4004 696 4062 M:
721 4004 808 4063 cmC
925 4006 949 4060 l.
973 4007 1135 4080 lprprrprr'mne
1159 4005 1319 4080 Bosporus:

175 4095 305 4167 μεμένηκε
324 4092 345 4151 C
364 4093 394 4150 Μ
413 4093 569 4153 Bussenius
679 4102 704 4156 6.
724 4095 815 4175 edrai]
835 4099 898 4154 edrai
917 4099 991 4156 coni.
1010 4097 1180 4156 Ulrlhcruius
1265 4097 1319 4177 adv]

176 4185 228 4240 τῶν
244 4185 289 4240 τὸν
307 4183 476 4242 Uhlhcruius
585 4192 611 4244 t.
636 4194 771 4265 σπρὲωμα
797 4187 858 4267 cuir]
882 4193 1067 4266 crepemprr'row
1091 4189 1113 4247 C
1138 4190 1320 4250 Uhlhornius:

176 4277 364 4352 ompsupdrmr
387 4277 418 4335 Μ
441 4277 598 4336 Bunsenlus
737 4285 763 4338 9.
789 4287 927 4356 προσεχεῖς
950 4279 972 4337 C
999 4280 1156 4338 Bunseniua
1278 4285 1321 4338 tt.

178 4367 369 4445 prvddper
461 4373 503 4429 ts.
524 4371 608 4451 ὄντος]
627 4373 697 4437 luade
714 4373 882 4448 Bernaprius
902 4385 930 4432 st
948 4374 1105 4431 Bonnenlur
1207 4377 1248 4432 ld.
1267 4380 1323 4450 lya-

177 4459 286 4531 ›15de
