3052 4984
591 321 785 383 ottttsttJS.
1215 313 1280 380 457

134 493 276 558 Sardinia
301 499 406 556 essent
428 501 587 575 martyres.
645 491 674 555 ls
695 497 797 556 autem
819 507 887 554 cum
913 488 1045 552 omniurn
1071 489 1192 552 nomina
1217 495 1284 552 tra-

137 601 237 682 deret,
261 600 374 666 Callisti
398 617 460 666 non
483 599 575 678 dedit,
600 599 669 682 quia
685 600 772 664 novit
788 598 855 662 eius
874 603 1012 662 conatus.
1056 595 1170 660 llarcia
1193 597 1286 679 igitur

137 727 266 790 compos
291 707 369 772 lacta
398 707 446 772 sni
481 707 542 772 voti
571 725 626 789 par
656 705 857 771 Commodum
882 703 1066 768 dimissionis
1097 704 1212 768 litteras
1236 703 1286 768 dat

137 815 324 898 lipacintbo,
347 815 476 897 spadoni
500 815 618 880 cuidam
648 814 846 899 presbytero,
874 814 926 896 qui
955 813 1090 894 acceptis
1121 812 1230 878 litteris
1256 815 1284 876 in

138 923 307 990 Sardiniam
332 924 584 1006 transnavigavit,
615 929 645 986 et
667 930 829 1005 postquam
859 940 912 986 eas
942 920 999 1006 illi,
1035 921 1085 1002 qui
1107 928 1180 984 tono
1203 927 1327 984 tem-to

140 1034 226 1114 poris
262 1032 292 1095 ei
326 1040 427 1096 terrae
460 1037 620 1114 praeerat,
655 1031 794 1114 tradidit,
827 1029 937 1094 dimisit
970 1033 1122 1112 martyres
1157 1037 1286 1110 excepto

140 1139 277 1206 Callisto.
329 1139 357 1202 ls
388 1145 488 1204 antem
519 1157 622 1222 genua
658 1137 787 1202 ilectens
821 1137 1057 1220 lacrymansque
1089 1137 1288 1220 supplicabat,

139 1253 173 1310 ut
197 1252 226 1309 et
252 1249 318 1326 ipse
346 1243 555 1308 dimissionem
589 1243 755 1324 acciperet.
807 1241 995 1326 Hyacinthus
1025 1244 1118 1326 igitur
1147 1240 1288 1323 precibus

140 1362 311 1418 commotus
335 1350 468 1434 postulat
491 1359 522 1416 ut
545 1367 672 1432 praeses
696 1349 780 1434 [enm
804 1348 961 1435 dimittat],
984 1348 1124 1414 dictitans
1146 1367 1181 1413 se
1205 1349 1288 1429 alto-

138 1477 205 1524 rem
230 1477 301 1522 esse
326 1457 476 1542 llarciae,
498 1457 647 1540 stipulans
670 1459 699 1520 oi
722 1457 933 1535 securitatum
957 1456 1009 1520 ille
1032 1463 1132 1520 autem
1157 1473 1327 1539 persua-at

141 1585 195 1632 sus
219 1567 330 1630 dimisit
353 1573 384 1630 et
407 1564 569 1629 callistum.
615 1565 671 1640 Oui
696 1583 763 1628 curn
787 1563 922 1649 adesset,
945 1565 1050 1629 Victor
1073 1563 1288 1630 molestissime

140 1673 261 1739 serebat
282 1692 364 1757 quaa
387 1673 465 1736 iacta
488 1678 596 1756 arant,
619 1673 762 1754 quoniam
785 1678 886 1736 autem
911 1673 1086 1736 misericors
1110 1681 1192 1756 arat,
1216 1673 1304 1754 qui··

142 1789 223 1846 etum
257 1800 293 1844 se
322 1781 434 1860 tenuit;
470 1799 585 1844 cavens
613 1798 688 1844 vero
720 1779 833 1861 probra
863 1799 881 1842 a
911 1779 1011 1843 moltis
1044 1777 1188 1843 iacienda
1216 1765 1314 1861 loon·

144 1891 224 1954 enirn
247 1889 343 1972 longo
367 1887 529 1953 intervallo
554 1887 682 1953 aberant
705 1889 770 1952 eius
795 1887 947 1972 conatus),
970 1906 1038 1951 cnm
1063 1890 1152 1951 etiam
1168 1887 1288 1970 Carpo-

142 1997 260 2080 phorus
283 1997 510 2078 adversaretur,
534 1995 653 2060 dimittit
675 2014 744 2060 eum
769 2003 1026 2060 commoraturum
1048 1995 1140 2079 ttntti,
1164 1994 1329 2066 delinitoso

144 2107 173 2170 ei
201 2112 358 2170 menstruo
376 2106 492 2188 'aliquo
525 2103 562 2168 ad
594 2105 714 2168 victum.
776 2103 869 2168 Cuius
899 2110 968 2185 post
998 2103 1112 2168 obitum
1143 2102 1291 2186 Zephyri-

145 2233 218 2298 nus,
252 2221 437 2278 consecutus
471 2231 539 2276 eum
570 2213 689 2276 socium
725 2220 756 2276 et
788 2214 956 2276 ministrum
989 2212 1026 2276 ad
1063 2212 1289 2294 reprimendum

143 2321 273 2406 clerum,
298 2323 419 2385 ornavit
442 2338 512 2383 oum
542 2337 599 2383 suo
624 2317 750 2402 damno,
781 2326 812 2382 et
840 2319 932 2383 Antio
956 2317 1127 2384 traductum
1157 2319 1187 2383 in
1211 2337 1290 2382 eoe-

145 2433 273 2494 mcterio
297 2429 464 2494 constituit.
526 2426 582 2492 Cui
607 2445 674 2490 cnm
698 2445 822 2509 semper
852 2425 995 2511 adesset,
1029 2433 1060 2490 et
1087 2427 1175 2491 sicuti
1197 2426 1292 2491 modo

145 2547 233 2602 antea
258 2537 331 2618 dixi,
354 2536 494 2600 simulate
525 2551 594 2598 eum
629 2533 763 2619 coleret,
792 2533 925 2616 perdidit
955 2529 1072 2618 virum,
1105 2537 1156 2617 qui
1189 2553 1329 2618 nequeas

145 2642 225 2706 dicta
248 2642 384 2705 iudicare
407 2646 539 2723 poterat,
563 2656 665 2721 neque
689 2638 804 2704 Callisti
832 2640 957 2703 insidias
979 2640 1151 2725 sentiebat,
1180 2643 1290 2723 quippe

146 2753 197 2834 qui
220 2751 321 2815 omnia
354 2767 420 2812 cum
445 2766 484 2811 eo
508 2747 757 2832 colloquebatur,
794 2764 875 2828 quae
905 2747 948 2810 illi
978 2755 1064 2832 grata
1098 2755 1195 2812 erant.
1241 2749 1292 2812 Sic

145 2866 213 2941 post
236 2857 398 2940 Zephyrini
421 2855 533 2920 obitum
559 2856 723 2920 arbitratus
745 2873 780 2918 se
805 2873 875 2918 esre
898 2861 1018 2919 nactum
1046 2855 1128 2938 quod
1153 2857 1291 2926 venaba-

145 2974 214 3050 tur,
238 2964 402 3030 Sabcllium
427 2964 577 3046 extrusit,
610 2968 716 3044 utpote
745 2980 808 3028 non
831 2968 917 3026 recte
947 2965 1147 3048 sentientem,
1181 2965 1290 3028 timens

145 3090 194 3136 ma
219 3078 250 3134 et
274 3071 426 3134 arbitrans
449 3090 484 3136 se
507 3073 536 3134 in
559 3069 642 3133 bunc
665 3070 787 3134 modum
811 3068 993 3154 abstergere
1023 3087 1115 3152 posse
1146 3073 1329 3146 criminafro
1440 3070 1442 3081 '

145 3181 261 3242 tionem
285 3175 366 3260 apnd
390 3178 555 3261 ecclesias,
587 3179 674 3259 quasi
704 3195 765 3240 non
800 3177 898 3241 aliena
928 3178 1050 3242 sentiat.
1095 3177 1168 3242 Erat
1198 3179 1292 3261 igitur
1400 3220 1404 3226 ·

146 3285 364 3372 praestigiator
385 3291 416 3348 et
438 3286 475 3349 cd
500 3285 638 3349 iraudem
662 3293 768 3348 acutus
792 3293 822 3350 et
844 3294 984 3367 tempore
1006 3284 1195 3366 procedente
1212 3284 1292 3348 mul-

146 3402 195 3458 tos
217 3412 323 3460 secum
347 3391 487 3476 abripuit.
533 3392 609 3456 curn
630 3401 732 3456 autern
751 3400 781 3455 et
798 3393 882 3456 virus
906 3392 992 3456 cordi
1013 3393 1134 3456 insitum
1163 3391 1292 3456 baberet

147 3499 281 3583 nihilque
312 3507 399 3564 recte
428 3501 574 3580 sentiret,
608 3499 697 3562 simul
722 3517 795 3562 vero
820 3500 910 3564 etiam
934 3499 1196 3564 verecundaretur
1217 3518 1290 3564 vera

148 3606 268 3690 dicere,
298 3614 462 3688 propterea
491 3608 572 3690 quod
597 3623 701 3669 coram
725 3607 840 3689 populo
872 3605 960 3670 nobis
990 3608 1168 3671 convicians
1203 3607 1331 3675 dice-rs

148 3782 193 3830 νος
212 3762 267 3834 (rel
286 3761 441 3836 ιοξομὲνης)
460 3762 531 3834 αὐτῷ
547 3762 575 3816 τὸ
594 3761 739 3817 ἀκίνδυνον
757 3759 915 3816 Banseninr
940 3771 1036 3834 portes
1055 3761 1073 3816 Ι.
1093 3761 1112 3817 l.
1247 3763 1292 3818 61.

147 3856 190 3910 adv
207 3887 244 3901 -
262 3851 377 3932 dvsrdnv]
396 3854 424 3908 rd
441 3885 477 3898 -
501 3853 620 3915 druidas?
727 3853 772 3908 6³.
788 3853 909 3926 urartp]
928 3853 1010 3927 Apud
1030 3851 1126 3928 Steph.
1146 3853 1213 3928 ltya.
1237 3855 1294 3912 Ἄν-

147 3953 208 4004 θεια
239 3979 272 3988 -
299 3949 351 4002 lon
373 3947 419 4000 aad
438 3945 548 4008 ’trulias
568 3945 668 4019 Ῥώμης
687 3949 810 4014 πλησίον,
839 3945 890 4015 &aar
915 3949 961 4002 καὶ
973 3949 1073 4005 Ἀνιιον
1089 3951 1293 4024 μετωνομάσθη.

149 4042 192 4097 64.
211 4037 346 4117 ἐκτροφῆς]
365 4036 491 4111 ἐκτροφῖς
508 4055 550 4110 pr.
570 4035 606 4093 C:
625 4039 755 4113 lnpnqur
773 4057 836 4094 corr
854 4037 920 4096 CM
939 4039 1095 4098 Bunaeninr
1210 4042 1294 4116 adprip-

149 4151 190 4188 σιν
208 4130 231 4188 C
397 4129 595 4208 dovcpripavov]
615 4172 622 4186 .
640 4173 647 4189 .
667 4131 803 4206 npdpsvar
824 4131 845 4190 C
863 4134 968 4191 duabus
987 4136 1086 4192 litteris
1106 4135 1204 4202 exeris,
1223 4153 1292 4210 qua-

51 4277 58 4290 ,
148 4243 207 4282 ram
232 4225 308 4298 prior
330 4243 348 4280 c
373 4223 460 4280 inisse
489 4223 738 4294 cognoscitur.b1:
766 4229 953 4302 σονοράμινον
970 4250 1014 4282 =
1033 4228 1150 4300 dpqydr,
1177 4228 1292 4286 rocinrn.

149 4319 304 4376 Runseninr
412 4318 456 4372 db.
477 4315 644 4395 κατάστασιν]
659 4325 861 4376 καιοπιιοίοσιν
879 4339 953 4395 susp.
975 4321 1112 4395 Sauppius
1246 4323 1290 4378 68.

149 4412 285 4482 leqqdracs
311 4406 469 4480 lloepernr:
499 4407 636 4479 ἰξοφάνιοι
662 4405 684 4463 C
710 4405 736 4462 ll
769 4407 925 4468 Bunreniua
1107 4411 1152 4472 76.
1181 4409 1292 4488 εὐθέως]

149 4505 240 4566 εὐθέος
263 4517 339 4574 cnsp.
357 4497 390 4556 R.
411 4497 522 4556 Scottus
