3052 4984
263 281 325 348 474
371 285 489 368 (mos.
507 287 590 369 τοι.)
678 289 773 348 ποτε
796 291 839 364 ιε,
866 295 992 350 20.21.

262 453 369 518 πάντα
390 451 477 541 αδτῷ
499 452 591 518 κοινά
613 453 778 542 ήγοόνται,
801 459 855 519 καί
877 455 933 532 οὓς
954 454 994 522 ου’·
1015 455 1171 544 πρότερον
1189 457 1196 545 Ι
1214 455 1353 548 η’δεσαν,
1381 455 1427 529 τίς

225 565 397 640 τοοίκείους
418 568 473 628 καί
495 565 643 649 συνήθεις
664 564 903 650 προσδέχονται.
946 568 1096 651 Περιίασι
1119 565 1155 630 δὲ
1177 567 1232 652 τήν
1254 565 1428 652 πατρῴαν

263 677 339 760 γήν,
362 673 505 738 ἑκάστοτε
526 670 765 760 ἀποδημοῦντες
777 673 879 762 μηδὲν
895 677 1045 762 φέροντες
1061 674 1145 761 πλήν
1160 673 1275 740 δπλου.
1286 675 1428 756 Ἔχουσι

265 782 301 846 δὲ
327 787 381 848 καί
409 782 489 848 κατά
511 782 622 859 πόλεις
650 787 845 870 προεστῶτα,
878 783 914 860 ὃς
942 783 980 847 τά
1013 784 1215 868 συναγόμενα
1244 784 1292 860 είς
1320 788 1428 848 τοῦτο

264 892 444 970 ἀναλίσκει,
474 891 597 978 ἐσθῆτα
626 896 680 956 καὶ
709 891 832 977 τροφάς
862 889 970 968 αάτοίς
996 892 1257 979 παρασκευάζων.
1303 898 1428 958 Κατα-

265 1001 357 1089 στολή
380 1001 545 1074 δὲαότοίν
566 1006 621 1066 καί
643 1005 748 1088 σχῆμα
770 1002 917 1085 κόσμιον·
947 1005 1082 1084 χιτόίνας
1110 1001 1146 1066 δὲ
1168 999 1229 1067 δόο
1251 1004 1272 1088 η’
1292 1001 1428 1076 διπλᾶς

228 1111 430 1188 δοῦποδέσεις
451 1109 490 1176 οδ
511 1115 660 1176 κτῶνται·
693 1110 778 1176 ἐπάν
808 1110 844 1175 δὲ
872 1112 910 1176 τά
944 1111 1089 1199 παρόντα
1110 1110 1310 1203 παλαιωθή,
1352 1111 1426 1176 τότε

264 1225 353 1308 ἕτερα
374 1223 564 1308 προσίενται.
621 1218 727 1286 Οάδὲν
755 1219 790 1284 δὲ
816 1219 900 1296 όλως
927 1221 998 1286 οὔτε
1020 1219 1231 1305 ἀγοράζουσιν
1250 1221 1322 1286 οὔτε
1350 1245 1423 1286 πω-

265 1331 391 1407 λοῦσιν,
415 1328 484 1394 όδ’
497 1333 540 1394 ἀν
553 1331 607 1422 ἔχη
620 1353 664 1405 τις
677 1333 720 1418 τῷ
734 1333 778 1416 μή
799 1329 899 1411 ἔχοντι
922 1329 1012 1408 δοός,
1036 1331 1056 1395 δ
1076 1329 1135 1394 οόκ
1157 1329 1220 1412 ἔχει
1241 1328 1425 1414 λαμβάνει.

352 1441 404 1507 21.
448 1443 678 1527 Παραμένουσι
711 1439 747 1504 δὲ
778 1439 933 1517 εὐτάκτως
965 1445 1019 1505 καὶ
1050 1439 1211 1525 ίπιμόνως
1246 1437 1426 1524 εὐχόμενοι

266 1553 384 1628 ἕωθεν,
408 1548 508 1636 μηδὲν
532 1551 686 1634 πρότερον
709 1551 931 1634 φθεγξάμενοι
951 1551 980 1615 εί
1000 1551 1043 1637 μή
1065 1549 1121 1614 τόν
1142 1551 1225 1614 θεὸν
1241 1547 1424 1637 ὑμνήσουσι·

229 1664 321 1724 συκαῖ
342 1659 424 1725 οότω
445 1659 662 1744 προελθόντες
681 1663 804 1724 ίκαστυι
826 1658 878 1744 ἐφ’
900 1661 918 1724 δ
940 1659 1110 1743 βούλονται
1139 1659 1327 1744 πράττουσι,
1366 1666 1426 1724 καί

266 1774 325 1846 ἕως
344 1769 431 1858 υίρας
454 1771 597 1856 πέμπτης
616 1769 793 1854 πράξαντες
814 1770 997 1835 ἐπανίασιν.
1034 1770 1161 1834 Ἔπειτα
1183 1767 1285 1834 πόλιν
1301 1769 1423 1834 συνελ-

266 1879 381 1956 θόντες
401 1880 447 1955 είς
467 1882 526 1944 ἕνα
548 1879 664 1956 τόπον,
688 1877 882 1968 περιζιόμασί
903 1903 934 1943 τε
955 1877 1056 1955 λινοίς
1068 1877 1316 1965 περιζωσάμενοι
1334 1879 1424 1966 πρός

265 1990 299 2053 τό
322 1989 542 2076 καλύψασθαι
564 1989 619 2075 τήν
641 1988 811 2075 αλσχόνην,
841 1987 940 2064 οὕτως
967 1987 1060 2052 ὕδατι
1090 1991 1207 2076 ψυχρῷ
1228 1985 1424 2053 ἀπολοόον-

266 2122 332 2176 ται,
356 2103 410 2163 καὶ
429 2099 508 2182 μετὰ
530 2099 564 2162 ιδ
587 2097 686 2173 οὕτως
707 2095 905 2178 άγνίσασθαι
927 2099 972 2173 είς
992 2101 1028 2162 ίν
1048 2099 1165 2183 οἴκημα
1182 2100 1328 2162 συνίασιν
1344 2095 1422 2181 (οδ-

230 2206 332 2284 Ιῡδεὶς
354 2207 390 2272 δὲ
411 2207 582 2295 ἑτεροδόξρι
606 2206 744 2271 σόνεισιν
766 2207 801 2272 ἐν
825 2211 869 2293 τηί
889 2208 1000 2294 οἴκῳ),
1023 2213 1078 2271 καὶ
1099 2211 1171 2293 περὶ
1192 2205 1424 2293 ἀριστοποιῒαν

266 2321 413 2404 χωροῦσι.
460 2315 675 2382 Καθισάντων
696 2314 732 2380 δὲ
754 2317 834 2380 κατά
856 2314 948 2392 τάξιν
968 2314 1044 2398 μεθ’
1059 2315 1190 2401 ήσυχίας
1207 2319 1419 2404 προσφέρον-

265 2550 396 2636 ήκοοσιν
418 2547 604 2632 αἱρετισταῖς
626 2545 840 2633 (αἳρεσιάταις
860 2547 1010 2631 Porphyr.
1037 2548 1056 2611 l.
1076 2547 1113 2630 l.)
1136 2541 1365 2609 ἀναπέπταται
1382 2546 1420 2608 τά

267 2657 344 2747 παρ’
364 2656 472 2735 αὐτοῖς
493 2657 610 2741 δμοίως
631 2656 737 2743 ὥσπερ
760 2654 848 2732 ίδια,
879 2659 934 2719 καί
954 2652 1036 2743 πρός
1059 2655 1115 2730 οὕς
1136 2654 1178 2719 οιί
1199 2654 1355 2739 πρότερον
1374 2654 1420 2718 εί-

268 2767 327 2834 δον
345 2769 484 2836 εἰσίασιν
505 2766 549 2845 άς
570 2766 830 2852 συνηθεστάτους.
874 2765 933 2830 Διό
955 2768 1010 2828 καί
1030 2765 1198 2829 ποιοῦνται
1216 2763 1272 2838 τάς
1288 2761 1419 2848 ἀποδη

267 2883 344 2965 μίας
365 2876 462 2943 οὐδὲν
489 2880 550 2960 μὲν
572 2875 654 2952 δλως
676 2873 945 2958 ἐπικομιζόμενοι,
975 2871 1031 2937 διδ
1054 2872 1090 2937 δὲ
1112 2872 1184 2948 τοὺς
1206 2870 1321 2963 ληστάς
1343 2873 1419 2936 ἕνο-

268 2986 353 3053 πλοι.
398 2985 552 3073 Κηδεμυίν
582 2984 619 3049 δὲ
649 2985 685 3049 δν
713 2982 826 3073 ἑκάστη
857 2981 951 3048 πόλει
979 2985 1035 3046 τοῦ
1065 2981 1222 3066 τάγματος
1248 2981 1418 3067 ἐξαιρέτως

268 3101 331 3162 τῶν
351 3099 453 3174 ξένων
474 3093 717 3170 ἀποδείκνυται,
750 3090 910 3176 ταμιεόων
938 3091 1061 3178 ίσθήτα
1088 3095 1142 3155 καὶ
1170 3091 1209 3156 τά
1239 3087 1417 3176 ἐπιτήδεια.

272 3206 454 3293 Καταστολή
490 3206 526 3271 δὲ
554 3210 608 3270 καὶ
642 3209 747 3290 σχῆμα
784 3201 929 3286 στόματος
961 3201 1075 3285 δμοιον
1107 3211 1172 3276 τοῖς
1202 3199 1280 3284 μετά
1311 3200 1418 3284 φόβου

182 3355 187 3364 ·
270 3317 588 3399 παιδαγωγουμένοις
619 3317 739 3380 παισίν.
773 3311 1016 3399 (ἀναπέπταται
1048 3311 1086 3374 τά
1115 3307 1192 3393 παρ’
1220 3304 1417 3394 ἀλλήλοισιν,

271 3432 326 3492 καί
346 3424 377 3492 οί
398 3429 525 3510 πρῶτον
547 3423 669 3500 ίδόνιες
690 3426 796 3488 ἴσασιν
819 3421 924 3507 ὥσπερ
947 3419 1109 3505 συνήθεις.
1153 3418 1212 3484 Διό
1234 3415 1331 3482 οὐδὲν
1346 3419 1418 3483 ἔπι-

270 3535 468 3622 κομιζόμενοι
491 3533 714 3620 ἀποδημοῦσιν
736 3531 959 3616 ἀναλωμάτων
976 3533 1069 3594 ἕνεκα
1082 3530 1229 3613 Porphyr.
1243 3529 1261 3592 Ι.
1276 3529 1312 3612 Ι.)
1337 3529 1417 3592 Οὔτε

271 3649 307 3713 δὲ
331 3648 470 3730 ἐσθῆτας
498 3645 568 3710 οὔτε
600 3643 793 3729 ὑποδήματα
815 3641 980 3724 ἀμείβουσι
1003 3645 1078 3726 πρὶν
1104 3641 1126 3724 ἢ
1147 3637 1362 3722 διαρραγῆναι
1385 3637 1417 3700 τό

270 3757 422 3843 πρότερον
443 3754 650 3819 παντάπασιν
674 3757 694 3840 ή
715 3752 955 3836 δαπαναθήναι
978 3753 1021 3836 τρί
1042 3747 1157 3834 χρόνῳ.
1204 3745 1310 3810 Οόδὲν
1326 3745 1364 3810 δὲ
1384 3747 1418 3811 ἐν

270 3863 422 3951 ἀλλήλοις
437 3862 507 3927 οὔτε
524 3861 735 3946 ἀγοράζουσιν
753 3860 823 3924 οὔτε
839 3857 941 3944 (Οὐδ’
958 3854 1186 3942 ἀγοράζουσίτι
1205 3851 1415 3940 οάδὲΡοτρίι.)

269 3974 448 4051 πωλοῦσιν,
468 3970 552 4036 ἀλλά
575 3975 618 4060 τῷ
640 3969 781 4058 χρήζοντι
804 3967 914 4044 διδοός
936 3971 1064 4042 ἕκαστος
1085 3967 1125 4030 τά
1147 3963 1222 4050 παρ’
1245 3961 1345 4027 αιίτοό
1366 3967 1418 4046 (ιυι

269 4084 345 4174 παρ’
367 4084 469 4172 ἑαυτῷ
499 4083 642 4166 Porph.),
671 4082 705 4145 τό
729 4078 804 4165 παρ’
829 4079 955 4142 ἀκείνου
988 4076 1141 4163 χρήσιμον
1172 4071 1414 4156 ἀντικομίζεται.

269 4201 324 4260 καὶ
344 4197 439 4279 χωρίς
461 4192 496 4256 δὲ
518 4195 571 4278 τής
585 4189 775 4264 ἀντιδόσεως
792 4186 954 4262 ἀκάλυτος
971 4185 989 4273 ή
1006 4183 1184 4271 μετάληψις
1204 4183 1322 4259 αιἰτοίς,
1344 4179 1416 4264 παρ’

272 4301 319 4370 (όν
340 4307 383 4369 ἀν
404 4300 581 4388 ἐθελήσωσι
603 4297 760 4386 (θέλωσιν
781 4298 921 4383 Porph.).

1054 4425 1412 4445 ffl—

345 4501 391 4555 24.
410 4494 517 4574 ήόεσαν]
537 4493 682 4552 είδεοανῦ
871 4497 915 4550 26.
940 4493 1066 4561 ἑκάστοτε]
1091 4489 1199 4550 ίκαστός
1214 4507 1237 4542 τε
1257 4483 1294 4540 C:
1313 4486 1414 4546 ἔκαστός
