3056 4970
203 289 266 356 206
310 289 522 376 (p.142.143.)
617 293 718 350 unna·
734 293 769 368 v,
795 297 842 354 ιο.
860 301 913 354 εο.

202 505 212 526 .
234 505 243 524 .
265 505 275 524 .
297 477 344 524 εσι
364 459 467 548 μήτρα
489 463 535 537 τίς
562 506 793 527 ........
813 460 1034 545 κατεσπαρμέν
1044 499 1342 522 ..........

202 563 246 640 ὥς
272 565 326 630 δπί
351 566 482 631 πάντων
506 570 569 632 τάν
595 566 888 655 ζηδωνθεωρείται.
947 563 984 628 Ὁ
1013 563 1049 628 δί
1078 563 1196 646 ἀνεμος
1223 560 1343 650 λάβρνί

202 670 284 756 δμοῦ
312 677 366 736 καί
394 672 536 760 σφοδρὸς
562 673 741 761 φερόμενός
768 675 832 740 έσιι
860 677 903 760 τῷ
933 675 1098 759 συρίγματι
1129 671 1204 756 δφει
1232 691 1342 755 παρα-

202 777 363 864 πλήσιος·
400 784 535 868 Πρῶτον
562 778 621 846 οὖν
651 781 718 846 ἀιτδ
749 785 805 846 τοῦ
831 778 968 862 ἀνέμου,
1009 780 1165 866 τουτέσων
1190 773 1258 840 ἀπό
1282 778 1344 840 ,τοῦ

165 885 327 969 υυδφεως,
357 883 377 970 ή
409 885 490 972 ἀρχή
522 889 575 973 τής
602 887 776 974 γεννήσεως
800 886 856 952 τδν
881 887 1048 972 εἰρημένον
1074 884 1195 972 τρόπον
1221 885 1342 963 γέγονε,

203 991 437 1077 πάναονδμοῦ
459 993 515 1080 τήν
537 992 640 1082 ἀρχήν
660 999 714 1082 τῆς
739 995 911 1080 γεννήσεως
931 982 1124 1078 εἰληφότων.
1169 987 1256 1054 Ἐπεί
1284 984 1343 1052 οὖν

202 1091 404 1185 κατείληπται
430 1101 465 1164 τδ
494 1105 565 1186 φάς
595 1105 649 1164 καί
676 1103 711 1166 τὸ
734 1105 863 1184 πνεῦμα
883 1099 929 1174 εἰς
952 1100 1008 1185 τήν
1028 1096 1230 1183 ἀκάθαρτον,
1253 1096 1340 1181 φησί,

202 1208 257 1268 καί
277 1205 494 1292 πολυπήμονα
514 1205 639 1296 μήτραν
660 1209 804 1286 ἄτακτον,
827 1209 900 1272 εἴσω
917 1205 941 1271 ’δ
964 1207 1040 1292 δφις
1060 1205 1295 1292 εἰσερχόμενος,
1323 1199 1342 1266 δ

203 1313 320 1396 ἄνεμος
340 1317 396 1378 τοῦ
419 1298 558 1391 σκότους,
581 1313 599 1406 δ
622 1313 824 1402 πρωτόγονος
843 1319 907 1380 τόν
927 1312 1065 1392 ὑδάτων,
1082 1316 1185 1394 γεννᾷ
1206 1311 1261 1376 τόν
1281 1311 1343 1375 άν-

141 1423 358 1508 ’ίίθρωπον,
388 1423 444 1484 καί
471 1419 554 1485 ἄλλο
583 1419 679 1487 οὐδὲν
708 1420 793 1498 είδος
818 1422 890 1486 οὔτε
919 1418 1034 1502 α’γαπᾷ
1064 1420 1134 1484 οὔτε
1154 1416 1297 1506 γνωρίζει
1320 1415 1341 1502 ή

203 1525 391 1615 ἀκάθαρτος
417 1527 530 1614 μήτρα.
578 1526 770 1611 Ὁμοιωθείς
799 1525 901 1593 αόνδ
933 1527 1067 1592 ἀνωθεν
1086 1529 1142 1590 τοίί
1165 1526 1270 1611 φωτός
1291 1525 1343 1588 τέ-

203 1629 287 1708 λειος
308 1632 404 1713 λόγος
424 1637 467 1722 τῷ
489 1636 595 1722 θηρίῳ
615 1637 659 1722 τηίί
681 1635 776 1721 ὄφει,
809 1631 962 1719 εἰσῆλθεν
991 1633 1037 1708 εἰς
1065 1632 1121 1719 τήν
1149 1629 1342 1718 ἀκάθαρτον

201 1740 332 1826 μήτραν,
354 1739 556 1826 ἐξαπατήσας
576 1739 675 1828 αδτήν
695 1747 750 1806 τοῦ
772 1743 891 1827 θηρίου
911 1743 955 1828 τῷ
977 1737 1163 1824 δμοιιδματτ,
1186 1745 1242 1804 ίνα
1264 1737 1343 1828 λόση

201 1847 241 1910 τά
261 1846 362 1930 δεσμά
382 1847 421 1912 τά
443 1850 644 1934 περικείμενα
665 1851 710 1937 τῷ
730 1847 836 1936 τελείῳ
858 1851 915 1912 νοῒ
930 1851 974 1934 τῷ
995 1848 1181 1934 γεννωμένῳ
1203 1845 1241 1911 ἰν
1258 1842 1344 1909 οἶκα-

165 1956 327 2041 τυθαρσίᾳ
349 1954 469 2042 μήτρας
489 1953 554 2020 δπδ
575 1959 630 2020 τοῦ
647 1957 652 2044 Ι
669 1955 871 2041 πρωτοτόκου
893 1957 948 2018 τοῦ
969 1952 1096 2030 δδατος,
1119 1953 1241 2039 ὄφεως,
1264 1950 1343 2016 ἀνέ-

201 2080 274 2143 μου.
330 2063 451 2147 Θηρίου
477 2060 571 2147 αὕτη,
602 2065 716 2148 φησίν,
748 2062 832 2126 ἐστίν
861 2060 880 2148 ή
909 2063 965 2127 τοῦ
987 2058 1107 2125 δοόλου
1128 2058 1254 2146 μορφή,
1288 2045 1343 2122 καλ

202 2165 281 2252 αὕτη
306 2165 326 2253 ή
356 2164 482 2253 ἀνάγκη
510 2170 565 2232 τοῦ
588 2167 757 2234 κατελθείν
777 2169 833 2234 τδν
855 2167 953 2248 λόγον
973 2171 1030 2234 τοῦ
1051 2169 1135 2232 θεοῦ
1156 2167 1201 2242 εἰς
1220 2165 1344 2254 μήτραν

201 2275 382 2359 παρθένου.
422 2272 507 2338 Ἀλλ’
529 2272 587 2339 οδκ
608 2275 681 2353 ἔστι,
705 2277 811 2361 φησίν,
834 2273 967 2361 ἀρκετόν
987 2273 1021 2339 τό
1033 2272 1275 2359 εἰσεληλυθέναι
1288 2272 1344 2337 τόν

202 2379 321 2445 τέλειον
344 2381 535 2468 ἄνθρωπον,
558 2381 663 2462 λόγον,
686 2383 738 2458 είς,
751 2384 873 2469 μήτραν
896 2384 1067 2469 παρθένου
1088 2385 1143 2446 καί
1171 2370 1268 2445 λῦσαι
1287 2379 1343 2456 τάς

163 2485 322 2562 τίοίδίνας
338 2488 395 2563 τάς
415 2487 452 2551 έν
472 2487 581 2576 ἐκείνῳ
602 2491 646 2577 τῷ
668 2489 787 2554 σκότει·
814 2487 901 2553 ἀλλά
920 2489 983 2575 γάρ
1004 2489 1083 2572 μετά
1104 2487 1138 2552 οδ
1160 2488 1199 2552 τά
1222 2487 1259 2553 ἀν
1276 2483 1341 2574 μή-

200 2615 260 2678 τρη
279 2591 435 2682 μυσπήρια
455 2595 584 2683 μυσαρά
605 2595 765 2662 είσελθείν
794 2594 996 2660 ἀπελούσατο
1024 2598 1078 2659 καί
1096 2593 1167 2658 {ms
1187 2593 1222 2659 τό
1244 2594 1343 2680 ποτή-

201 2720 272 2786 ριον
303 2693 416 2776 ζῶντος
443 2699 560 2777 ἀάατος
588 2700 787 2786 ἁλλομένου,
822 2701 914 2767 δδεί
931 2699 1060 2776 πάντως
1080 2712 1166 2766 ταείν
1187 2700 1243 2766 τόν
1262 2700 1342 2785 μέλ

200 2805 297 2870 λοντα
320 2805 598 2872 άποδιδδσκεσθαι
624 2809 680 2896 τήν
697 2798 852 2895 ’δουλεκήν
871 2807 1005 2895 μορφήν
1023 2811 1078 2871 καί
1098 2806 1342 2873 ἐπενδύσασθαι

200 2911 323 2998 ἔνδυμα
345 2912 508 2999 οὐράνιον.
819 2912 824 2922 ’
1082 2925 1090 2942 ·

162 3035 194 3086 ευ
288 3023 339 3086 ἰο.
368 3020 501 3086 ’Ταῦτά
521 3019 605 3086 έστιν
626 3019 649 3084 ἀ
671 3019 827 3101 λέγουσιν,
858 3019 902 3096 εἰς
927 3018 967 3084 δι’
995 3017 1104 3100 δλίγου
1124 3019 1207 3084 ἐστίν
1227 3019 1339 3098 εἰπείν,

202 3124 233 3188 οί
262 3127 436 3211 προστάται
464 3129 528 3191 τάν
560 3129 738 3213 Σηθιανάν
765 3126 878 3207 λόγοιν.
915 3127 998 3190 Ἔστι
1019 3124 1057 3190 δὲ
1079 3126 1097 3190 δ
1120 3125 1214 3206 λόγος
1234 3125 1342 3191 αδτάν

202 3235 399 3315 συγκείμενος
420 3233 455 3297 ἰκ
477 3237 622 3319 φυσικῶν
643 3238 698 3298 καί
718 3234 800 3321 πρός
821 3237 911 3322 έτερα
932 3233 1106 3320 εἰρημένων
1127 3232 1294 3320 ῥημάτων,
1318 3234 1342 3297 ἀ

200 3338 246 3412 εἰς
274 3339 329 3404 τόν
350 3338 434 3406 ww
454 3339 550 3421 λόγον
578 3340 763 3424 μετάγοντες
791 3340 990 3428 διηγοῦνται,
1024 3340 1179 3429 καθάιτερ
1201 3344 1341 3426 εἴπομεν.

201 3447 339 3524 Λέγουσι
362 3444 398 3509 δὲ
420 3450 474 3510 καί
496 3451 622 3512 Μωσέα
644 3447 751 3513 αὐτῶν
772 3451 984 3534 συναίρεσθαι
997 3453 1041 3537 τῷ
1055 3447 1150 3536 λόγῳ,
1173 3448 1258 3513 ἐπάν
1267 3451 1341 3537 εἴπῃ

163 3552 584 3640 θεοκδτοςκαίγνόφος
596 3559 660 3620 καί
675 3553 843 3621 θύελλα·
863 3550 959 3632 οὗτοι,
975 3559 1083 3641 φησίν,
1099 3552 1131 3620 οἶ
1144 3555 1340 3642 τρείςλόγοι·

138 3695 140 3701 =
200 3663 221 3744 ἢ
242 3658 320 3724 ὅταν
340 3661 413 3752 εἴπη
436 3660 472 3725 έν
487 3661 673 3750 παραδείσῳ
692 3663 855 3742 γεγονέναι
868 3671 958 3749 τρείς,
978 3659 1092 3745 Ἀδάμ,
1115 3662 1216 3740 Εὔαν,
1245 3663 1340 3748 δφιν·

200 3765 320 3851 ήδταν
342 3765 416 3852 λέγη
437 3777 527 3855 τρείς,
552 3769 650 3847 Κάῑν,
667 3768 780 3851 Ἅβελ,
803 3769 898 3855 Σήθ,
930 3772 985 3832 καί
1004 3767 1105 3833 πάλιν
1125 3777 1224 3855 ιρείς,
1258 3769 1339 3854 Σήμ,

200 3872 289 3956 Χάμ,
307 3871 442 3960 Ἰάφεθ·
470 3877 491 3961 ή
512 3875 590 3941 δταν
612 3876 686 3968 ίέγη
708 3885 789 3963 τρείς
807 3875 1021 3964 πατριάρχας,
1038 3874 1202 3962 Ἀβραάμ,
1223 3874 1339 3965 Ἰσαάκ,

272 4029 315 4086 58.
342 4029 471 4102 σφοδρὸς]
497 4033 614 4105 φοβερὸς
631 4031 653 4088 C
671 4031 701 4090 M
719 4031 887 4104 Βεταεγείαε
963 4033 1116 4106 σορίγματι]
1140 4031 1253 4105 σόρματτ
1271 4030 1293 4088 C
1309 4029 1341 4088 Μ

200 4119 379 4193 Βετοεγείοτ.
417 4119 459 4176 cf.
485 4121 556 4178 infra
581 4143 609 4196 ρ.
629 4124 691 4190 317,
719 4126 755 4180 97
783 4124 826 4180 εδ.
855 4121 907 4178 01.
1022 4125 1066 4180 58.
1087 4124 1132 4179 59.
1150 4123 1341 4194 παραπλήσιος.

200 4215 312 4285 Πρῶτον
329 4207 389 4284 αλκ]
414 4215 598 4288 παραπλήσιος
620 4216 749 4288 πτερωτός
774 4214 795 4271 C
832 4213 1013 4285 Βετοεγείοει
1037 4216 1220 4289 παραπλήσιος
1242 4199 1366 4288 πτερω-’

200 4306 247 4376 τῷ·
267 4305 305 4368 τίς
325 4322 400 4379 susp.
420 4303 450 4361 Μ
565 4307 609 4363 63.
626 4309 699 4378 τίσω]
723 4310 760 4370 εἰς
777 4304 809 4375 ἢν
827 4305 849 4362 C
867 4304 897 4363 Μ
915 4305 1083 4378 Βετοεγεὶοι
1198 4308 1242 4362 67.
1261 4305 1342 4373 εἰσῆλ-

200 4399 250 4448 θεν
274 4394 457 4470 Βετοεγείσει
482 4398 607 4455 εἰσελθοίν
630 4396 652 4454 C
678 4396 708 4454 Μ
827 4400 871 4454 70.
898 4397 1063 4472 πρωτοτόκου
1087 4399 1133 4454 τοῦ
1158 4394 1341 4470 Remmium
