3050 4988
703 322 851 380 ttdchS.
1282 321 1345 386 339

196 487 342 569 aucupari
367 493 468 550 autem
491 504 603 570 unum,
626 488 719 570 *quod
750 489 885 554 additum
916 488 955 554 ad
985 491 1289 575 nonagintanovem
1314 496 1343 557 in

196 595 336 658 dextram
360 593 426 656 eius
450 611 572 657 manum
598 597 760 662 transtulit.

283 701 390 765 lillicta
415 706 517 763 autem
540 721 611 767 esse
639 722 697 785 per
726 710 853 768 matrem
882 705 966 767 aiunt
988 700 1060 786 (53.)
1090 705 1219 785 primum
1252 710 1344 786 quat-

197 818 265 873 tuor
289 809 460 890 elementa,
482 827 563 890 quae
586 811 643 894 ait,
664 810 782 874 scilieet
806 811 919 896 ignem,
940 829 1062 894 aquam,
1085 817 1208 894 terram,
1232 819 1345 893 adrem,

197 917 360 1000 imaginem
383 918 522 998 proiecta
546 917 718 983 esseillius
741 937 821 1000 quae
845 926 892 982 est
913 937 1049 1001 superne
1071 917 1209 1001 tetradis,
1231 924 1384 999 poten-ao

197 1025 316 1106 tiasque
355 1042 462 1088 eorum
512 1040 572 1086 una
616 1034 832 1110 numerantes,
871 1024 964 1089 veluti
1006 1024 1153 1108 ualidum,
1191 1023 1346 1107 trigidum,

197 1126 362 1212 humidum,
386 1129 511 1212 siceum,
533 1130 637 1195 dieunt
661 1131 953 1196 accuratereddere
977 1129 1162 1214 ogdoadem.
1192 1128 1345 1209 Deinceps

198 1241 300 1298 autem
333 1235 441 1299 decem
475 1243 645 1318 potestates
679 1239 709 1302 in
737 1237 818 1302 huno
851 1237 974 1302 modum
1006 1242 1198 1319 computant:
1229 1245 1345 1317 septem

199 1358 331 1422 corpora
356 1341 557 1428 orbicularis,
591 1363 670 1426 quae
693 1353 724 1410 et
746 1346 852 1411 caelos
874 1351 1008 1428 vocant,
1039 1342 1152 1407 deinde
1176 1343 1282 1405 orbam
1304 1340 1346 1402 it-

196 1447 278 1533 lum,
309 1451 361 1530 qui
385 1449 451 1514 illos
473 1451 699 1536 complectitur,
733 1473 825 1536 quem
855 1462 884 1517 et
916 1459 1057 1518 octavum
1085 1450 1238 1533 appellant
1268 1463 1384 1512 eae-ao

197 1555 276 1640 lum,
298 1575 390 1639 super
412 1577 467 1622 eos
491 1569 592 1625 autem
616 1568 648 1624 et
669 1561 768 1626 solem
792 1567 823 1626 et
844 1562 957 1626 lunam.
1001 1559 1041 1624 Et
1062 1558 1159 1643 haec,
1181 1576 1260 1640 quae
1283 1575 1346 1621 nu-

198 1832 325 1907 propter
346 1831 377 1888 et
401 1824 511 1906 luger'e
535 1843 591 1890 eos
621 1845 677 1909 per
708 1829 895 1912 agnitionem
926 1824 1023 1892 XCIX
1051 1825 1170 1908 locum,
1206 1823 1266 1887 hoe
1299 1829 1346 1887 est

200 1931 496 2016 deminorationem,
519 1940 625 2016 typum
651 1936 794 1998 sinistrae
816 1951 941 2019 manus,
973 1933 1087 1997 sectari
1110 1940 1210 1995 autem
1240 1949 1344 2014 unum,

199 2038 283 2119 quod
305 2038 438 2103 additum
462 2057 556 2120 super
580 2040 675 2106 XCIX
697 2042 728 2104 in
752 2042 913 2105 dexteram
944 2043 1153 2104 eos'manum
1182 2038 1343 2104 transtulit.

295 2143 325 2209 3.
370 2145 415 2208 Tu
450 2147 572 2227 quidem
606 2146 685 2212 llaec
720 2151 946 2232 pertransiens,
978 2148 1196 2230 dilectissime,
1230 2147 1343 2230 optime

198 2252 263 2314 seio
288 2253 433 2332 quoniam
456 2253 571 2318 ridebis
595 2255 717 2318 multum
740 2263 852 2320 tantam
876 2256 996 2320 illorum
1018 2257 1049 2317 in
1072 2262 1192 2318 tumore
1219 2255 1344 2336 sapien-

196 2367 256 2422 tem
280 2361 445 2424 stultitiam.
489 2361 555 2424 Eto.

284 2481 358 2566 Gap.
392 2483 441 2550 17.
473 2480 501 2548 1.
551 2482 630 2546 Volo
660 2489 761 2547 nutem
790 2484 845 2547 tibi
874 2484 994 2546 reierre
1027 2479 1283 2563 quemadmodum
1316 2487 1346 2543 et

195 2591 291 2672 ipsam
314 2588 521 2655 conditionem
544 2591 711 2654 seeundum
739 2593 903 2673 imaginem
925 2589 1120 2654 invisibilium
1137 2609 1155 2653 a
1173 2589 1345 2673 demiurgo,

198 2699 286 2779 quasi
319 2698 486 2781 ignorante
525 2715 580 2781 eo,
616 2697 793 2761 fabricatam
830 2717 887 2780 per
927 2705 1054 2761 matrem
1086 2697 1198 2758 dieunt.
1247 2695 1346 2758 Primo

197 2804 317 2887 quidem
347 2809 490 2886 quattuor
519 2804 671 2868 elementa
704 2804 828 2890 dieunt,
862 2804 982 2890 ignem,
1016 2821 1142 2887 aquam,
1175 2807 1287 2866 terram
1316 2810 1347 2866 et
1446 2791 1454 2802 '

198 2919 319 2996 adrem,
347 2911 512 2993 imaginem
547 2913 689 2976 emissam
723 2929 795 2975 esse
828 2915 997 2995 superioris
1032 2911 1289 2992 quatemationis:
1315 2917 1345 2974 et

136 3095 140 3102 ,
197 3019 397 3100 operationes
427 3036 536 3083 eorum
573 3037 640 3082 cum
669 3021 715 3082 eis
743 3019 977 3102 adnumeratas,
1013 3019 1044 3081 id
1076 3025 1123 3081 est
1158 3015 1286 3083 calidum
1318 3023 1349 3080 et

197 3124 357 3208 trigidum,
381 3125 556 3189 humectum
579 3132 610 3188 et
633 3125 767 3207 aridum,
791 3127 956 3212 diligenter
977 3127 1145 3211 imaginare
1161 3123 1347 3209 ogdoadem,

197 3249 319 3312 exque
343 3232 451 3296 decern
475 3235 604 3297 virtutes
626 3235 671 3296 sio
695 3239 891 3298 enumerant:
923 3237 1040 3314 septem
1071 3231 1192 3313 quidem
1215 3248 1348 3312 corpora

197 3338 392 3421 circumlata,
415 3359 496 3422 qnae
520 3341 610 3404 etism
633 3341 738 3404 eaelos
760 3346 889 3424 vocant,
912 3348 983 3422 post
1004 3338 1117 3403 deinde
1139 3340 1347 3403 continentem

198 3463 255 3509 eos
278 3447 443 3531 circulum,
473 3465 565 3529 quem
589 3455 732 3512 octavum
756 3449 874 3513 eaelum
897 3453 1027 3525 vocant,
1057 3455 1128 3529 post
1158 3445 1269 3510 deinde
1290 3465 1346 3510 so-

198 3551 259 3616 lem
282 3562 314 3616 et
336 3553 446 3617 lunam.
491 3555 576 3618 liaeo
599 3573 667 3618 oum
691 3556 754 3618 sint
777 3554 885 3618 decem
909 3571 1048 3638 numero,
1074 3555 1225 3636 imagines
1243 3553 1347 3618 dicunt

197 3833 246 3890 tib.
258 3831 300 3888 lx
320 3851 364 3904 op.
377 3834 404 3888 9.
423 3837 460 3888 od
478 3837 613 3900 Faustam,
632 3836 660 3889 in
680 3835 753 3889 line:
775 3837 982 3906 Quandoquidem
999 3847 1055 3890 traua
1071 3855 1155 3890 uanos
1172 3839 1225 3890 idm
1243 3839 1347 3891 &etna

196 3931 378 3993 numeraverit,
396 3926 415 3982 i.
432 3943 457 3982 e.
476 3927 529 3983 iam
545 3929 725 3983 eenteaimum
744 3945 845 3982 annum
864 3928 979 4000 attigisti
995 3928 1039 3983 rel
1054 3927 1199 3999 superasti.
1218 3926 1346 3984 Mansue-

197 4027 253 4073 tus.
273 4015 316 4072 Gt.
335 4017 362 4073 J.
381 4017 495 4074 wodor
513 4022 552 4074 Da
570 4021 730 4091 Pelenatltiu
744 4038 769 4074 o.
779 4022 805 4085 7,
812 4022 838 4076 5.
911 4021 957 4076 23.
972 4023 1113 4088 μετέστησε.
1130 4021 1348 4076 Κατεσκευάσθω

196 4112 225 4167 di
243 4109 300 4187 ded]
317 4112 523 4184 pameasvciddm
541 4112 588 4168 ded
608 4109 630 4168 C
648 4110 678 4168 M
712 4111 787 4168 Ante
811 4112 924 4168 verbum
947 4113 1155 4168 κατεσκευάσθαι
1178 4109 1347 4182 Hippolytus

196 4221 253 4258 non
271 4221 359 4276 panea
378 4205 576 4276 praetermisit,
602 4223 673 4279 quaa
698 4207 770 4277 apud
789 4203 975 4278 Epiphaniam
1004 4215 1032 4262 et
1056 4203 1201 4274 interpret.
1228 4203 1274 4256 lat.
1294 4221 1347 4256 ex-

198 4305 264 4352 tant.
301 4295 376 4352 Hine
395 4299 423 4353 in
443 4295 465 4354 C
484 4297 513 4354 lt
533 4316 676 4370 perperam
696 4297 765 4352 haee
784 4298 822 4353 itu
842 4297 1010 4354 cohaerent:
1034 4302 1115 4369 χεῖρα
1140 4295 1347 4368 μεποκενάσθαι

196 4389 243 4444 διὰ
260 4390 302 4456 τῆς
317 4390 415 4462 μητρὸς
432 4392 549 4464 λέγουσι.
584 4391 696 4464 Πρῶτον
710 4408 735 4443 κ.
754 4409 774 4444 τ.
792 4393 817 4446 i..
925 4392 970 4446 25.
990 4390 1035 4451 τάς
1052 4407 1078 4444 τε
1096 4389 1230 4458 ἐνεργείας
1248 4385 1346 4460 αὐτῶν]

195 4491 250 4548 aa
266 4486 296 4543 aa
314 4489 456 4562 tramae
473 4488 543 4562 aava
561 4485 583 4544 u
697 4488 743 4542 aa.
757 4487 831 4558 aaa
848 4489 889 4562 aa]
906 4489 950 4552 ua
967 4481 996 4556 ic
1014 4485 1035 4543 u
1053 4483 1084 4540 ru
1170 4484 1215 4540 st.
1230 4482 1261 4562 η
1271 4469 1315 4560 pi
1325 4485 1346 4543 u

985 4583 1054 4650 22'
