3006 4976
585 339 807 400 antrtmartct.
1223 335 1265 400 79

112 513 235 574 nariam
273 518 375 572 autem
406 511 558 572 senarius.
614 509 730 571 Pariter
759 509 922 589 Sarpedon
949 515 1142 590 eomputatus
1172 507 1266 570 effluit

115 618 272 682 monades
308 615 478 680 seeundum
516 618 716 680 novenariam
751 633 888 678 normam
922 615 1072 678 binarium
1106 633 1264 678 numerum

113 743 174 806 pro
199 724 314 808 fundo,
338 723 495 786 Patroclus
518 730 619 786 eutem
644 723 736 785 ettieit
759 722 907 786 monades
930 723 965 806 9,
987 725 1080 786 vineit
1097 721 1303 789 Patroclusoo

113 832 196 896 Nam
221 849 289 894 eum
310 839 357 894 est
380 831 458 893 alter
480 829 592 893 fundus
615 832 726 913 impar,
750 829 950 892 atterentem
974 847 1045 912 par,
1076 830 1172 910 impar
1194 831 1266 890 vin-

116 941 177 1020 eit,
202 939 255 1000 ubi
279 940 376 1001 maior
399 945 455 1000 est.
509 937 625 1000 Rursus
655 943 755 999 autem
788 953 856 998 oum
888 943 935 998 est
956 936 1134 998 octonarius
1157 955 1213 1017 par
1236 942 1268 998 et

117 1047 280 1128 quinarias
303 1046 416 1126 impar,
438 1045 617 1108 octonarius
643 1045 751 1126 vineit,
779 1044 878 1106 maior
901 1045 980 1105 enirn
1003 1049 1058 1106 est.
1114 1042 1167 1106 Sin
1190 1060 1265 1106 vero

118 1160 194 1216 sant
217 1154 336 1216 numeri
359 1151 421 1214 duo
444 1151 537 1214 veluti
558 1158 687 1233 uterque
710 1151 809 1232 impar
831 1151 880 1213 vet
903 1158 1035 1232 uterque
1052 1168 1115 1233 par,
1138 1151 1267 1214 interior

121 1259 227 1322 vineit.
279 1258 337 1331 Qui
374 1264 476 1321 autem
505 1258 665 1339 Sarpedon
696 1259 862 1322 seeundum
893 1262 1091 1324 novenariam
1127 1273 1304 1323 normamao

121 1365 217 1428 eitieit
249 1365 399 1428 monades
436 1361 533 1427 duas?
589 1364 707 1445 Nempe
738 1367 884 1430 omittitur
914 1367 943 1428 ὦ
971 1367 1082 1430 littera.
1136 1364 1265 1440 Quando

122 1473 205 1534 enirn
229 1478 277 1534 est
299 1472 330 1533 in
353 1474 477 1534 nomina
499 1472 599 1534 littera
623 1477 653 1532 ῶ·
675 1479 706 1534 et
726 1479 759 1556 ᾔ,
783 1475 924 1537 omittunt
945 1481 984 1556 ῶ,
1007 1489 1067 1534 una
1090 1472 1266 1554 luterensi,

120 1581 189 1660 pari
212 1581 293 1642 eninr
316 1586 469 1660 potestate
493 1597 564 1642 esse
585 1579 690 1642 dieunt
711 1588 881 1659 utramque,
905 1578 951 1640 bis
974 1584 1075 1641 autem
1098 1577 1180 1640 idem
1203 1595 1266 1638 non

122 1693 333 1767 compotator,
355 1691 389 1746 ot
411 1687 551 1766 superius
574 1686 686 1748 dietum
709 1692 766 1747 est.
810 1683 926 1748 Rursus
949 1685 1028 1748 Aiax
1051 1683 1267 1746 effluitmona-

123 1793 181 1856 des
211 1799 373 1875 quattuor,
410 1791 526 1857 Baeton
557 1800 659 1856 antem
694 1793 864 1856 secundnm
898 1791 1096 1856 novenariam
1130 1801 1307 1854 normanno

119 1899 194 1960 taoit
216 1898 380 1960 monadem
404 1915 509 1982 unam,
531 1906 563 1962 et
584 1908 633 1964 est
654 1902 869 1980 quaternarius
891 1915 1035 1962 numerus
1058 1911 1128 1981 par,
1162 1913 1268 1960 monae

126 2013 227 2069 antem
253 2008 359 2088 impar,
384 2007 414 2068 in
437 2001 488 2070 tati
513 2014 613 2069 autem
626 2023 718 2070 eausa
734 2007 864 2069 diximus
879 2009 1024 2071 maiorem
1039 2008 1174 2088 vindere,
1197 2007 1268 2067 vin-

124 2116 164 2175 eit
187 2115 277 2178 Aiax.
323 2111 630 2176 iiarsasrttexander
653 2121 684 2175 et
705 2113 871 2178 tteueiaus.
917 2111 1094 2178 Alexander
1112 2114 1267 2195 proprium

122 2219 217 2282 habet
239 2237 354 2282 nornen
376 2220 477 2300 Paris,
501 2219 586 2283 Paris
608 2228 710 2284 autem
733 2222 825 2286 effluit
849 2224 998 2287 monades
1020 2201 1190 2285 s'eonndum
1207 2236 1269 2282 no-

124 2327 280 2389 venariam
299 2344 436 2390 normam
449 2323 482 2410 4,
504 2327 664 2390 Menelaus
676 2336 776 2392 autem
796 2330 966 2392 seeundum
985 2330 1184 2391 novenariam
1197 2334 1306 2390 ono-60

95 2449 99 2458 ’
128 2433 226 2495 uades
239 2433 272 2516 9,
284 2433 410 2496 vineunt
421 2442 521 2496 autem
536 2451 648 2497 novem
663 2441 822 2516 quattuor3
844 2438 955 2498 vtietum
973 2438 1053 2498 enim
1072 2443 1128 2519 est,
1143 2434 1268 2517 quando

126 2539 202 2602 atter
226 2540 323 2620 impar
351 2541 407 2622 sit,
442 2539 520 2604 alter
547 2549 647 2605 autem
676 2557 747 2622 par,
790 2545 936 2606 maiorem
969 2543 1111 2624 videare,
1144 2539 1269 2621 quaudo

124 2653 227 2711 aatem
255 2653 388 2728 aquae
418 2667 473 2729 par
508 2657 561 2712 ant
595 2657 727 2730 aterque
756 2652 868 2731 impar,
903 2649 1093 2712 interiorem.
1154 2649 1271 2712 Rursus

126 2757 264 2838 Amycus
286 2761 317 2820 et
338 2755 541 2838 Polydouees.
593 2757 732 2838 Amveua
763 2754 885 2836 quidem
919 2756 991 2818 tadt
1022 2753 1170 2815 monades
1191 2752 1271 2814 duas

124 2857 297 2926 secandum
321 2864 519 2926 novenariam
543 2879 681 2926 normam
692 2871 724 2926 et
734 2862 926 2944 Polydeuces
946 2877 1023 2924 vero
1042 2866 1175 2942 septam:
1200 2860 1308 2920 vin-oo

97 2970 165 3030 -cit
187 2967 390 3049 Polydeuces.
438 2970 515 3032 Aiax
538 2977 568 3031 et
589 2967 748 3052 Odysseae
769 2968 963 3032 laetabantur
985 2970 1015 3028 in
1038 2966 1205 3028 eertamine
1219 2963 1271 3026 tn-

129 3073 228 3136 nebri.
281 3074 359 3137 Aiax
394 3073 490 3138 effieit
522 3075 691 3138 eeeandam
725 3075 926 3140 novenariam
963 3091 1100 3138 normam
1123 3069 1272 3136 monades

128 3187 283 3264 quattuor,
308 3179 466 3262 Odysseus
483 3181 734 3245 oetoseoundum
754 3185 964 3246 novenariam.
1013 3182 1060 3244 An
1072 3197 1149 3242 vero
1166 3178 1272 3262 odys-

128 3289 174 3350 sei
197 3305 312 3350 nomen
336 3287 494 3369 epitheton
519 3293 550 3350 et
573 3305 635 3351 non
658 3279 815 3369 propriam
837 3289 911 3352 est?
930 3283 1011 3351 vicit
1029 3288 1119 3350 enias.
1164 3286 1273 3359 Quan-

126 3410 217 3472 quam
241 3393 412 3457 seeundum
437 3411 583 3457 numeros
606 3396 698 3456 vineit
719 3395 812 3479 Aiax,
836 3394 963 3458 historia
986 3401 1087 3457 autem
1100 3392 1308 3474 Odyssenmvo

129 3501 220 3564 tradit
242 3501 364 3562 vicisse.
411 3500 567 3565 Achilleus
587 3509 617 3563 et
639 3501 763 3566 Hector.
821 3501 978 3566 detritione
1009 3499 1181 3564 seeundum
1210 3517 1273 3564 no-

130 3609 286 3670 venariam
310 3623 448 3669 normam
472 3607 545 3670 iaeit
566 3615 726 3690 quattuor,
749 3609 865 3671 Hector
886 3625 992 3672 unam:
1013 3609 1107 3670 vineit
1129 3605 1274 3670 notities.

129 3713 245 3804 ituraea
282 3712 438 3776 detritione
470 3721 502 3776 et
535 3713 755 3795 Asteropaeas.
821 3713 978 3776 detritione
1014 3715 1088 3777 taeit
1121 3720 1275 3798 quattuor,

130 3821 343 3899 eropaeas
366 3824 445 3882 tres:
470 3820 560 3881 vineit
582 3819 728 3882 dehittas.
773 3820 890 3883 Rursus
906 3819 1063 3884 Hanetaaa
1085 3817 1275 3902 etEuohor-

133 3927 199 3990 has.
245 3925 404 3988 Hanetaus
426 3924 520 3986 habet
541 3925 691 3988 monades
713 3941 843 4009 naveta,
866 3925 1048 4008 &obortus
1069 3931 1159 3988 oeta:
1182 3927 1310 3990 vineitm

129 4032 300 4096 amanus.
345 4030 476 4104 Quidam
499 4039 600 4096 autem
622 4034 799 4112 septenaria
823 4052 930 4098 norme
951 4032 997 4098 usi
1020 4031 1094 4096 sotis
1117 4031 1276 4096 vocatibus

132 4145 271 4220 utuntur,
295 4138 345 4200 aiii
368 4145 470 4200 autem
492 4154 632 4200 seorsum
655 4139 810 4203 eottoeant
833 4146 863 4201 et
887 4139 1011 4203 vocales
1045 4143 1076 4200 et
1099 4138 1276 4200 semivoca-

131 4245 176 4306 tes
202 4251 235 4306 et
257 4251 466 4307 consonantes
489 4245 519 4305 et
542 4245 637 4306 tribus
660 4245 818 4308 ordinibus
847 4246 1019 4308 constitutis
1049 4249 1170 4307 suumnt
1203 4241 1275 4303 ton-

130 4391 178 4444 ate
197 4386 284 4446 itiaC
363 4391 407 4446 to.
426 4390 454 4444 ad
471 4385 665 4444 maneamne
701 4387 756 4444 Hie
775 4407 854 4444 error
870 4391 900 4446 ia
920 4389 1026 4444 eaicudo
1045 4384 1074 4441 Μ
1151 4385 1198 4440 80.
1218 4379 1277 4436 Er-

124 4499 169 4536 rer
187 4483 215 4536 in
237 4481 344 4536 eaiedo
365 4481 395 4538 Μ
508 4481 552 4536 82.
572 4481 618 4538 8³.
638 4479 809 4551 ςυνόσκιῦ
939 4482 984 4536 85.
1003 4479 1059 4549 tato
1076 4476 1128 4530 aaa
1146 4475 1195 4546 de.
1219 4471 1241 4529 C
