2920 4982
431 337 672 399 citirottotobta
697 338 853 399 tttbatctt.
1157 337 1221 404 533

71 522 146 566 nam
171 511 201 566 et
223 503 367 567 ludaeam
390 505 586 589 appellatam,
609 513 683 596 tune
715 525 791 570 varo
824 507 1068 591 Canaanitidem,
1099 509 1139 572 de
1162 529 1221 595 qua

71 619 107 676 et
131 610 189 677 bac
212 633 252 676 ex
274 621 360 695 parte
384 616 535 679 rationem
558 615 639 679 baud
663 615 858 698 negligenter
886 615 1075 682 reddidimus
1103 621 1133 682 in
1157 618 1262 686 aliisae

70 720 172 784 libris.
216 721 383 803 Propterea
406 724 500 808 igitur
523 723 555 787 tit
577 721 739 787 exordium
762 727 945 788 inerementi
972 725 1026 810 (sc.
1048 726 1161 811 populi)
1193 729 1223 791 in

71 829 208 914 iudaea,
240 848 320 910 quae
350 849 466 894 nomen
498 839 587 896 nacta
618 838 667 896 est
698 851 738 895 ax
767 832 857 917 luda,
890 833 952 897 lilio
980 834 1070 898 laceb
1102 843 1223 917 quarto>
1347 819 1354 831 ’

69 937 161 1000 cuius
187 933 241 1020 [se.
264 936 368 1021 laceb)
394 941 482 1001 etiam
516 939 624 1023 [lsrael
654 938 778 1027 nomen]
810 948 953 1006 vocaturn
984 948 1048 1027 est,
1081 943 1152 1024 qnia
1184 961 1224 1008 ex

68 1045 125 1108 illo
155 1045 244 1128 regia
274 1063 353 1128 gens
383 1043 450 1131 [eat.
508 1046 676 1132 Abrabam]
708 1050 891 1131 commigrat
923 1069 963 1113 ax
998 1049 1221 1133 Mesopotamia

68 1151 183 1238 [annos
207 1153 247 1214 75
271 1161 379 1237 natus,
404 1153 446 1238 at]
470 1161 593 1218 centurn
616 1172 715 1220 annos
739 1163 828 1221 natus
861 1158 972 1242 [gignit
1004 1158 1104 1240 lsaac;
1134 1158 1260 1226 lsaacau

67 1269 174 1325 autem
197 1260 307 1348 annos]
332 1269 420 1326 natus
445 1261 487 1324 60
509 1263 610 1348 gignit
631 1263 747 1345 lacob3
769 1264 860 1328 laceb
886 1273 988 1330 autem
1013 1283 1162 1331 annorum
1178 1265 1220 1332 86

65 1372 168 1454 gignit
191 1369 281 1447 Levi3
303 1370 377 1434 Levi
402 1378 503 1434 autem
528 1389 680 1436 annerum
705 1371 746 1436 40
769 1375 870 1457 gignit
894 1373 1009 1454 Caatb3
1042 1373 1137 1438 Caatb
1161 1393 1220 1439 au·

66 1487 132 1542 tarn
155 1495 252 1543 annos
276 1479 434 1560 [quattuor
458 1488 524 1544 erat
546 1483 667 1567 natus],
698 1482 822 1564 quando
851 1501 920 1546 curn
944 1483 1035 1548 lecob
1057 1483 1219 1547 deseendit

65 1589 98 1650 in
123 1588 306 1671 Aegyptum.
352 1587 398 1651 Fit
430 1590 521 1672 igitur
546 1590 722 1653 universum
757 1597 891 1675 tempus,
911 1610 978 1674 »per
1007 1591 1090 1675 quod
1122 1611 1219 1673 pare·

65 1698 206 1781 grinatus
231 1695 452 1761 celebrabam
486 1700 646 1781 omnisque
675 1700 742 1762 eius
774 1717 853 1784 gens
884 1701 1053 1765 secundum
1079 1700 1166 1766 Isaac
1187 1702 1256 1770 intt

65 1815 148 1868 terra
184 1811 256 1869 tunc
289 1804 491 1870 canaanitide
526 1814 654 1892 vocata,
688 1808 760 1871 anni
792 1805 867 1872 215.
923 1808 1020 1872 lluius
1052 1817 1155 1875 autem
1189 1811 1221 1874 lit

66 1912 182 1998 [pater]
204 1913 320 1998 Tbare,
348 1912 438 1977 buius
461 1913 602 1998 Nacbor‚
631 1912 721 1978 buius
744 1913 861 2000 sarug,
894 1914 998 1998 [buius
1020 1917 1105 2000 Rau,
1129 1917 1218 1984 buius

64 2021 199 2106 Pbateg,
222 2021 312 2087 buius
336 2021 468 2107 lleber],
492 2021 576 2086 unde
600 2025 690 2088 etiam
716 2021 764 2108 iit,
793 2030 825 2086 nt
847 2021 1061 2088 Hebraeorum
1092 2029 1218 2092 nomine

65 2138 218 2195 vocentur
242 2129 375 2217 [ludaei;
398 2132 588 2214 temporibus
613 2138 713 2195 autern
736 2131 853 2216 Pbeleg
881 2138 950 2198 orta
983 2138 1031 2198 est
1064 2133 1216 2217 dispersio

63 2238 234 2327 gentium];
266 2247 354 2304 erant
378 2246 479 2306 autem
503 2238 563 2303 bae
587 2241 781 2326 ragentes,
816 2259 944 2322 quarum
974 2242 1064 2306 etiam
1092 2245 1254 2314 nominato

63 2349 262 2430 exposuimus
285 2349 316 2410 in
339 2347 406 2411 aliis
429 2347 531 2433 tibris,
555 2367 594 2412 ne
617 2347 677 2412 boo
700 2348 822 2430 quidem
850 2350 1132 2431 praetermittentes
1155 2367 1213 2416 suo

63 2459 154 2540 loco,
177 2456 334 2539 cupientes
359 2455 499 2520 discendi
521 2455 668 2532 studiosis
692 2455 906 2523 demonstrare
938 2475 1090 2542 amorem,
1122 2475 1213 2539 quem

64 2565 212 2630 babemus
251 2584 327 2650 erga
363 2565 497 2650 divinum
537 2583 668 2650 numen,
702 2571 733 2627 et
764 2564 964 2628 indubitatam
995 2566 1215 2652 cognitionem,

62 2691 152 2756 quam
175 2691 243 2736 curn
270 2672 428 2736 laboribus
459 2673 550 2737 nobis
577 2672 751 2756 paravimus
780 2673 861 2737 circa
892 2675 1062 2739 veritatem.
1114 2674 1210 2738 lluius

60 2789 163 2846 eutem
186 2781 291 2849 lleber
312 2781 345 2844 lit
365 2787 452 2864 pater
473 2781 558 2866 Sale,
589 2781 678 2846 buius
701 2787 801 2845 autem
825 2780 959 2864 Calpen,
995 2781 1086 2846 buius
1108 2789 1249 2853 autemus

61 2889 246 2974 Arpboxad,
280 2890 367 2953 euius
396 2889 427 2954 lit
457 2890 544 2973 Sem,
581 2889 671 2953 buius
690 2896 805 2953 ‘autem
837 2889 920 2971 Noti,
952 2889 1038 2954 cuius
1069 2896 1210 2971 tempore

60 2999 155 3062 totius
178 3005 281 3060 terrae
304 2996 335 3059 lit
357 2997 533 3080 inundatio,
563 2998 650 3061 cuius
682 3015 785 3078 nequa
813 2998 958 3080 Aegyptii
988 3015 1091 3080 neque
1114 2997 1210 3062 Cbal-

62 3105 133 3168 daei
156 3123 257 3186 neque
281 3105 392 3168 Graeci
416 3105 641 3188 meminerunt,
670 3103 780 3185 quibus
812 3105 844 3168 in
873 3103 1002 3188 singulis
1033 3106 1111 3170 locis
1139 3105 1211 3170 illae

64 3222 95 3276 et
118 3212 236 3297 Ogygia
262 3219 293 3275 et
315 3211 511 3276 Deucalionis
534 3211 724 3293 temporibus
747 3211 849 3276 tactae
879 3211 1097 3278 inundationes
1126 3216 1212 3278 acci·

64 3321 184 3384 derunt.
230 3321 305 3384 Sunt
326 3320 418 3402 igitur
441 3327 472 3382 et
496 3321 603 3382 borum
629 3321 848 3400 generationes
870 3319 910 3404 5,
933 3320 1005 3382 anni
1028 3319 1102 3385 495.
1154 3321 1249 3400 Ηίοω

63 3445 131 3490 eum
154 3428 305 3510 piissimus
329 3435 413 3490 asset
434 3434 466 3489 et
488 3427 536 3489 dei
560 3427 694 3508 amicus,
728 3426 813 3490 solus
844 3445 904 3489 una
932 3446 1000 3492 oum
1027 3427 1155 3492 muliere
1180 3439 1212 3495 et

61 3591 171 3648 Lacuna
198 3592 350 3648 litterarum
375 3595 402 3648 3.
434 3590 472 3648 Μ.
516 3592 606 3649 Sicuti
633 3610 684 3648 nea
716 3592 797 3648 etiam
822 3589 968 3664 lloeperua
992 3601 1019 3648 et
1053 3591 1210 3649 liunaeniua

62 3687 222 3758 (Hippolytae
241 3689 295 3740 end
309 3689 348 3740 bia
367 3692 418 3758 αφ’
431 3687 457 3739 2.
478 3685 521 3741 ed.
543 3683 634 3741 Vell.
650 3705 678 3759 p.
695 3687 757 3742 399.
769 3693 825 3740 not.
836 3687 880 3758 †.l
891 3685 1017 3739 lacunam
1031 3687 1211 3759 expleverunt

61 3778 106 3832 45.
133 3773 247 3852 Σερούχ]
272 3778 376 3849 Σοροόρ
402 3773 473 3832 CM
597 3779 642 3833 45.
671 3782 714 3832 td.
739 3779 829 3832 τοότοο
850 3777 966 3849 Ῥητοῦ,
992 3777 1083 3832 mimo
1109 3781 1210 3852 Φολὲγ,

60 3867 247 3947 τοότοοἛρερ]
267 3889 311 3924 om
332 3868 354 3926 G
372 3869 415 3926 td:
436 3869 524 3928 Sicuti
545 3889 595 3926 noa
616 3876 698 3926 etiam
717 3869 863 3943 lloeperua
883 3879 912 3925 at
932 3867 1088 3926 Runaeniua
1107 3873 1208 3928 omissa

61 3964 267 4038 suppleverunt.
314 4015 321 4024 ,
415 3965 459 4019 47.
489 3963 599 4020 Lacuna
633 3965 786 4019 litterarum
821 3962 879 4018 lere
914 3965 959 4021 23.
990 3961 1037 4020 M:
1068 3963 1128 4027 τοός
1156 3967 1210 4020 dni

61 4057 120 4131 Σῆμ
138 4059 301 4129 γενομένους
320 4057 384 4111 coll.
406 4054 477 4112 Gen.
500 4059 541 4124 to,
561 4059 592 4111 2l
621 4074 697 4129 susp.
716 4055 879 4129 llceperue:
902 4058 962 4119 τοός
982 4057 1143 4120 ’leudeinus'
1167 4051 1210 4113 tut

62 4151 91 4204 di
109 4151 152 4203 rei
169 4149 260 4203 φαλὲκ
278 4151 377 4222 tye'me
397 4149 412 4217 ἦ
430 4151 481 4204 τῶν
499 4151 588 4204 ἐθνῶν
604 4150 754 4223 διασπορό·
786 4151 859 4205 coni.
878 4147 1036 4204 Bnnaeniua
1163 4153 1208 4208 48.

60 4239 261 4314 innitimini]
377 4243 421 4298 48.
441 4246 485 4299 49.
506 4243 699 4316 παραλιπόντες
717 4243 783 4298 κατὰ
800 4243 894 4308 τόπον,
912 4239 998 4320 acvb]
1017 4243 1208 4306 καταλιπόντες,

61 4336 124 4390 κατὰ
151 4335 251 4408 τρόπον
276 4339 352 4408 dccl.
379 4333 401 4392 C
425 4336 455 4392 Μ
580 4339 625 4392 49.
647 4333 818 4413 βουλόμενοι]
836 4335 1002 4409 βουλόμενος
1026 4333 1047 4390 C
1098 4405 1102 4414 ‚
1162 4337 1207 4392 50.

61 4429 104 4496 τήν
120 4425 155 4506 το]
173 4427 217 4497 τὴν
235 4429 264 4483 dl
283 4425 304 4483 C
323 4427 352 4484 Μ
468 4427 704 4503 54.Ἓβερ]Ἐβερ
724 4427 786 4484 CM
902 4430 946 4484 52.
966 4425 1081 4504 Ketaria]
1101 4430 1208 4486 Κοῖνόν

64 4525 129 4586 CM
216 4525 362 4608 Ἀρφαξάδ]
382 4513 594 4606 clpalcllelclss
709 4532 753 4588 55.
774 4525 853 4609 alm]
873 4525 953 4586 dec
