3006 4976
590 281 858 340 nbebotttbttttt.
1231 277 1293 344 12?

151 439 277 505 ellatur:
312 441 468 523 nmquam
496 463 638 525 magnum
668 449 744 524 erit,
783 453 926 526 maguam
953 451 1099 524 puoemm
1129 445 1213 526 quod
1239 455 1294 524 eat,

152 567 295 630 maan
318 557 420 614 eutem
440 552 599 631 infinitum,
623 549 736 636 quippe
759 559 882 616 secutus
897 557 1042 632 punctum
1054 557 1294 648 geometrarum.
1311 541 1315 548 ’

152 655 372 720 Arithmetieae
393 665 493 720 autem
517 661 702 722 continentis
725 677 783 741 per
803 658 1058 740 compositionem
1070 656 1294 739 philosophiam

152 779 298 826 numerus
321 765 420 826 extitit
442 765 632 848 principium,
655 765 685 828 id
710 765 793 848 quod
809 771 857 829 est
871 763 1026 847 infinitum,
1051 763 1331 846 incomprehen-tt

153 885 234 952 sum,
264 867 384 934 babens
412 871 443 934 in
472 889 506 934 se
530 889 636 938 omnes
660 873 712 954 qui
734 880 864 954 possunt
886 874 916 934 in
939 871 1085 933 inlinitum
1107 889 1164 952 per
1187 872 1292 934 multi-

153 975 286 1040 tudinem
309 977 458 1060 progredi
481 997 637 1044 numeros.
681 979 885 1044 Numerornm
909 986 1009 1043 entem
1033 980 1213 1070 principium
1234 999 1294 1042 ex-

152 1083 211 1146 titit
238 1103 296 1165 per
325 1085 524 1150 substantiam
555 1089 649 1168 prima
680 1105 805 1170 monas,
840 1105 920 1168 quae
949 1084 1073 1167 quidem
1106 1091 1154 1148 est
1186 1103 1293 1148 monas

154 1188 258 1274 virilis,
279 1208 449 1272 procreans
471 1199 601 1273 paterne
622 1195 760 1276 reliquos
783 1211 891 1257 omnes
906 1209 1062 1261 numeros.
1099 1193 1207 1255 Altero
1221 1193 1292 1258 loco

154 1295 244 1381 dyas,
280 1297 433 1363 femineus
459 1317 622 1385 numerus,
652 1300 733 1364 idem
766 1309 865 1364 autem
897 1309 929 1364 et
956 1319 1012 1381 par
1035 1299 1072 1362 ab
1094 1298 1331 1364 arithmeticisto

153 1405 332 1487 appellatur.
377 1407 511 1472 Tertium
542 1409 630 1493 trias,
662 1425 809 1471 numerus
839 1407 949 1486 virilis;
987 1406 1036 1470 hic
1068 1415 1100 1470 et
1128 1409 1225 1488 impar
1254 1409 1292 1472 ab

154 1513 351 1578 arithmeticis
373 1507 479 1579 vocari
498 1516 587 1582 solet.
632 1517 758 1580 Praeter
778 1515 835 1579 hos
859 1530 968 1578 omnes
992 1518 1091 1576 autem
1114 1520 1219 1597 tetras,
1242 1513 1293 1576 ie-

154 1621 271 1684 mineus
293 1640 449 1707 numerus,
478 1623 559 1686 idem
579 1632 678 1687 autern
702 1622 752 1687 hic
775 1630 806 1686 et
827 1639 884 1703 par
907 1625 1044 1703 vocatur,
1067 1621 1118 1702 qui
1141 1619 1291 1684 semineus

153 1735 209 1790 est
262 1730 338 1794 Sunt
367 1731 461 1812 igitur
490 1731 625 1793 universi
658 1730 776 1792 numeri
805 1727 916 1809 sumpti
949 1729 1119 1810 generatim
1149 1732 1292 1807 quattuor

153 1831 307 1914 (numerus
332 1842 433 1898 autem
458 1845 525 1900 erat
547 1837 586 1900 ad
608 1855 716 1900 sexum
739 1833 940 1919 indefinitus),
964 1834 1046 1898 unde
1068 1833 1224 1916 perlectus
1249 1834 1329 1897 il·tu

150 1937 187 2002 lis
210 1959 356 2008 numerus
380 1943 478 2006 extitit
501 1942 604 2007 decas.
649 1943 746 2010 Unam
771 1943 861 2025 enim,
885 1941 956 2025 duo,
979 1942 1047 2025 tria,
1072 1948 1215 2023 quattuor
1239 1941 1290 2004 el-

151 2045 257 2110 beiunt
279 2047 397 2135 decem,
419 2057 453 2114 ut
476 2068 569 2132 supra
591 2049 831 2113 demonstratum
856 2055 912 2132 est,
936 2067 1002 2113 cum
1026 2048 1155 2132 singulis
1178 2065 1290 2111 nume-

152 2155 194 2218 ris
218 2157 451 2222 conservabitur
475 2175 569 2222 exre
591 2157 791 2221 domesticum
815 2173 935 2220 nornen.
988 2155 1073 2219 llaec
1096 2163 1143 2218 est
1164 2156 1212 2218 illa
1228 2156 1290 2237 Py-

152 2259 302 2345 thagorae
325 2281 413 2328 sacra
435 2271 583 2347 tetraetys
606 2271 775 2346 perpetuae
797 2269 926 2327 naturae
951 2264 1114 2326 continens
1135 2265 1166 2326 in
1183 2279 1217 2326 se
1233 2280 1289 2325 ra-

151 2366 246 2452 dices,
280 2368 340 2434 hoc
362 2379 410 2434 est
431 2373 570 2452 reliquos
594 2388 701 2434 omnes
724 2387 886 2448 numeros3
919 2367 1100 2432 undecimus
1123 2371 1203 2432 enim
1227 2381 1328 2432 nu-so

151 2492 254 2540 merus
277 2484 308 2539 et
332 2477 532 2542 duodecimus
556 2485 587 2542 et
615 2477 726 2559 reliqui
748 2478 929 2560 principium
953 2475 1164 2559 generationis
1187 2495 1203 2540 a
1226 2494 1289 2540 nu-

155 2599 240 2645 mero
264 2583 316 2664 qui
334 2591 383 2647 est
407 2583 515 2648 decem
538 2573 669 2649 sumunt.
725 2585 819 2648 lluius
843 2581 985 2667 decadis,
1007 2583 1139 2665 perlecti
1161 2583 1290 2666 numeri,

150 2697 295 2770 quattuor
323 2698 473 2756 vocentur
497 2699 616 2774 partes:
653 2710 814 2774 numerus,
849 2706 970 2772 monas,
998 2696 1150 2772 potestas,
1184 2691 1289 2772 cubus,

151 2796 260 2877 quihus
289 2798 492 2880 implexiones
523 2805 554 2862 et
593 2799 756 2862 mixtiones
790 2796 829 2862 od
868 2797 1101 2878 generationem
1136 2796 1290 2878 augmenti

150 2901 242 2986 liunt,
277 2921 317 2966 ex
339 2912 447 2970 nature
470 2913 689 2990 generatorem
711 2922 871 2968 numerum
896 2903 1077 2966 efficientes.
1131 2903 1187 2965 Ubi
1210 2903 1326 2964 enimes

152 3017 288 3090 potestas
316 3013 383 3094 ipsa
411 3013 656 3096 multiplicabitur
683 3031 787 3076 seeurn
809 3013 893 3094 ipsa,
929 3011 1031 3073 existit
1054 3007 1289 3091 dynamodyna-

151 3119 221 3199 mis,
251 3117 303 3182 ubi
326 3127 425 3183 autem
448 3127 587 3202 potestas
610 3139 678 3184 cum
702 3121 796 3201 cubo,
829 3117 933 3180 existit
960 3115 1205 3199 dynamooubus,
1221 3141 1223 3144 ·
1237 3115 1289 3178 ubi

151 3231 249 3288 autem
284 3227 379 3290 cubus
413 3247 481 3291 cum
520 3228 618 3313 cubo,
655 3227 760 3291 existit
789 3223 986 3304 entecnius,
1025 3230 1059 3285 ut
1086 3239 1193 3284 omnes
1227 3238 1289 3284 nu-

151 3331 225 3395 meri
257 3332 329 3397 liant
357 3341 493 3419 septem,
524 3354 586 3416 quo
618 3353 740 3418 eorum,
771 3351 851 3414 quae
886 3336 1034 3415 generata
1065 3337 1149 3412 sunt,
1185 3347 1289 3413 gene-

150 3439 227 3501 ratio
255 3438 309 3502 liat
336 3459 377 3502 ex
409 3440 622 3525 hebdomade,
658 3459 738 3522 quae
769 3447 818 3502 est
845 3453 1006 3520 numerus,
1037 3453 1161 3519 monas,
1194 3442 1326 3516 pote-oo

150 3549 228 3628 stas,
252 3544 366 3630 cubos,
390 3547 679 3631 dynamodynarnis,
703 3544 953 3630 dynamoouhus,
974 3542 1162 3606 oubocubus.
1203 3542 1289 3606 llanc

148 3648 372 3716 hebdomadem
395 3655 498 3719 Simon
521 3662 552 3719 et
572 3655 752 3720 Valentinus
775 3651 948 3718 nominibus
972 3649 1162 3714 commutatis
1184 3650 1215 3713 in
1229 3651 1289 3712 mi-

148 3758 284 3822 raculurn
309 3770 550 3846 exornaverunt,
572 3760 654 3825 unde
678 3768 890 3846 argumentum
913 3757 970 3822 sibi
994 3759 1196 3844 arripuerunt.
1236 3757 1289 3823 st·
1384 3817 1390 3829 ,

149 3868 318 3929 nonenim
340 3869 380 3931 ita
405 3867 553 3951 appellat:
587 3887 682 3946 meam,
702 3869 915 3949 intelligentie,
938 3883 1062 3942 marea,
1087 3883 1161 3943 coc,
1185 3867 1288 3929 retio-

149 3971 275 4051 mette,
299 3975 460 4055 cogitatio,
484 3977 634 4058 quistet,
657 3973 888 4058 stetit,atobit‚
913 3977 943 4035 et
964 3969 1159 4034 Valentinus:
1193 3983 1325 4050 meas,ot

147 4079 274 4158 oet-itus,
297 4081 396 4162 loges,
418 4082 492 4164 cito,
514 4083 613 4167 horno,
633 4083 766 4146 ecclesio
789 4087 819 4142 et
837 4087 929 4162 poter
947 4096 1007 4142 una
1022 4084 1208 4158 numeratus,
1229 4096 1289 4158 pa-

150 4217 288 4276 eloeaich
379 4224 423 4278 db.
449 4223 546 4298 ὁγὰρ]
564 4223 592 4279 ad
610 4223 664 4296 γὰρ
682 4221 704 4278 C
722 4220 753 4278 hl
843 4224 888 4278 ts.
912 4221 1017 4294 ydram
1034 4219 1176 4289 αὔξὴσιως]
1194 4219 1290 4274 ἕνωσιν

148 4309 310 4378 ...imme
327 4310 350 4367 C
369 4312 413 4370 M:
442 4315 477 4371 el.
497 4333 579 4388 supra
598 4334 626 4392 p.
648 4316 689 4381 lb,
709 4317 754 4370 46.
847 4317 892 4370 tt.
915 4309 1020 4380 abac
1116 4313 1160 4364 76.
1180 4311 1224 4364 tt.
1243 4329 1289 4363 ao·
1366 4387 1369 4396 ‚

146 4401 275 4476 findet]
293 4405 522 4479 temptavere
628 4407 674 4463 85.
693 4405 759 4462 κατὰ
775 4404 852 4461 ταύτὰ
871 4403 1031 4476 lloeporuar
1055 4400 1113 4456 κατ’
1133 4399 1198 4455 aem
1220 4397 1289 4456 CM
