3002 4958
440 339 697 399 nnnxtttnnuttfl.
718 339 946 400 antemnas.
1232 333 1272 400 19

119 500 200 562 solis
222 503 337 582 septies
361 508 390 562 et
414 503 509 564 vicies
533 503 787 586 metonomiam,
820 512 852 566 et
878 507 908 566 in
933 521 1078 584 supremo
1102 503 1173 565 loco
1198 517 1270 565 esse

120 603 218 684 solis,
240 607 271 667 in
292 604 396 668 intimo
421 611 607 670 autemnon
632 608 798 669 ementium
823 607 974 670 stellarum
990 607 1093 671 orbes.
1139 607 1310 669 Anna-ss

119 711 163 774 lia
189 719 290 774 autem
315 713 400 793 gigni
423 719 590 794 evaporata
616 733 632 776 a
656 713 733 776 sole.
796 713 955 778 Hominem
987 723 1087 778 autem
1116 714 1166 776 alii
1200 715 1271 776 eni·

120 817 211 900 mali,
234 817 294 880 lace
318 825 365 880 est
387 821 481 902 pisci,
504 819 694 882 consimilem
719 821 758 882 ab
781 821 877 883 initio.
921 821 1038 883 Ventos
1061 827 1161 884 autem
1185 820 1270 882 nesci

119 926 311 986 tenuissimis
333 925 498 1006 vaporibus
521 926 603 988 aeris
626 927 755 988 secretis
778 935 899 989 etcum
932 928 1130 1009 congregeti-
1143 935 1213 988 aunt
1235 943 1272 988 se

121 1031 336 1112 moventibus,
360 1032 491 1113 plnaiam
515 1039 615 1094 autem
640 1033 776 1096 existere
799 1051 840 1095 ex
856 1033 996 1116 nubibus,
1022 1032 1143 1114 fulgura
1159 1040 1270 1111 eutem,

120 1139 250 1220 quando
272 1147 383 1202 ventus
405 1140 544 1202 incidens
568 1139 718 1202 discindat
740 1139 847 1202 nubes.
905 1139 960 1202 llic
994 1146 1085 1202 notus
1116 1145 1309 1202 estanneio

119 1245 313 1328 olympiadis
336 1245 595 1330 quadragesimae
618 1245 774 1309 secundae
796 1247 898 1310 terlio.

211 1581 421 1643 Anaximenes
445 1589 561 1666 autern,
584 1585 634 1664 qui
660 1591 690 1645 et
714 1585 779 1664 ipse
802 1581 856 1645 luit
879 1581 1034 1664 Milesius,
1067 1581 1147 1644 filius
1170 1587 1271 1643 aulem

119 1689 313 1770 Eurystroti‚
338 1695 441 1750 nerem
464 1687 611 1751 infinitum
637 1689 712 1752 dixit
735 1689 915 1771 principium
939 1707 1018 1772 esse,
1041 1706 1081 1751 ex
1096 1707 1157 1770 quo
1173 1705 1272 1767 quac-

120 1815 185 1877 que
208 1797 269 1857 sint
293 1813 435 1876 quaeque
459 1795 570 1858 luerint
594 1815 737 1878 quaeque
760 1795 860 1859 lutura
891 1798 964 1878 sint,
995 1802 1026 1857 el
1058 1795 1134 1856 deos
1165 1802 1195 1856 et
1218 1794 1273 1856 tli-

120 1907 194 1966 rina
218 1903 330 1986 nasci,¹
351 1901 468 1984 reliqua
492 1909 592 1966 autern
616 1921 655 1964 ex
687 1901 795 1966 horum
827 1902 946 1966 subole.
1005 1901 1145 1984 Speciem
1170 1909 1310 1966 autemaa

122 2008 321 2070 serietatem
346 2023 433 2068 esse:
466 2006 591 2088 mando
616 2009 747 2070 maxime
771 2008 908 2089 aequalis
934 2009 1055 2069 sitnon
1088 2024 1183 2088 posse
1203 2007 1270 2069 visu

123 2113 282 2194 conspici,
306 2129 401 2194 posse
424 2121 525 2176 autern
549 2113 663 2195 frigido
688 2121 717 2176 et
742 2115 842 2178 calido
867 2121 897 2176 et
921 2113 1044 2177 humido
1069 2119 1099 2176 et
1122 2121 1216 2197 motu,
1239 2115 1269 2175 in

122 2226 209 2281 motu
233 2226 334 2282 autem
359 2235 430 2281 esse
453 2235 592 2303 semper,
627 2239 687 2283 non
720 2223 798 2283 enim
832 2223 941 2283 mutari
964 2238 1169 2302 quoacunque
1198 2237 1268 2284 mtt-

124 2333 244 2409 tentor,
269 2328 326 2389 nisi
348 2332 449 2389 molus
472 2325 609 2390 accedat.
656 2327 885 2391 Condensatum
913 2329 993 2412 enlm
1017 2335 1048 2389 el
1072 2333 1270 2389 extenuatum

123 2435 281 2496 diversum
304 2451 469 2514 apparere3
491 2433 614 2514 quando
638 2435 769 2496 enimin
792 2436 914 2496 tenuius
937 2431 1143 2514 diffundatur,
1166 2433 1310 2515 ignemro

124 2539 278 2620 existere,
308 2539 339 2600 in
362 2537 466 2614 medio
490 2546 589 2601 autem
613 2546 692 2602 statu
715 2555 821 2602 rursus
845 2539 875 2600 in
907 2545 1009 2602 aerem
1040 2538 1272 2621 condensatum,

125 2663 165 2707 ex
191 2653 265 2707 aere
295 2644 436 2707 nebulam
471 2645 556 2727 gigni
586 2645 753 2708 secandum
779 2645 1017 2726 coartationem,
1047 2646 1144 2726 magis
1173 2653 1271 2707 autem

126 2753 220 2814 etiam
244 2769 371 2831 aquam,
407 2749 553 2813 maiorem
583 2753 614 2813 in
638 2751 761 2813 modum
785 2755 884 2813 autem
913 2749 1071 2810 densatum
1102 2757 1213 2810 terram
1242 2755 1270 2808 et

125 2875 194 2922 curn
220 2858 349 2942 maxime
372 2856 500 2919 densum
524 2857 660 2938 lapides:
684 2865 716 2920 ut
740 2857 881 2939 primaria
896 2856 1107 2939 generationis
1125 2855 1273 2935 principia

124 2967 187 3028 sint
217 2965 374 3026 contraria
397 2971 428 3026 et
460 2959 590 3025 calidum
622 2972 652 3026 et
676 2963 828 3046 trigidum.
873 2963 998 3025 'lerram
1024 2967 1124 3023 aulem
1154 2961 1312 3042 planemtc

126 3073 251 3136 esseio
279 3077 353 3134 aere
386 3069 524 3152 vectam,
560 3070 699 3133 similiter
727 3077 829 3133 autem
863 3071 951 3132 etiam
985 3069 1080 3131 solem
1109 3073 1140 3129 et
1172 3068 1274 3130 lunem

127 3190 158 3244 et
172 3179 309 3260 reliquas
324 3177 436 3260 stelles,
460 3195 566 3262 omnes
579 3181 657 3240 enim
678 3195 757 3260 quae
772 3179 887 3261 igneae
906 3177 964 3239 sint
987 3174 1058 3238 vent
1080 3177 1110 3237 in
1128 3181 1202 3238 atre
1219 3193 1275 3256 per

125 3285 328 3350 latitudinem.
372 3283 466 3348 Natos
489 3289 590 3347 entem
615 3301 685 3347 esse
708 3284 813 3346 stellas
838 3301 878 3345 ex
901 3287 981 3345 terra
1003 3287 1168 3363 propterea
1192 3281 1273 3364 meod

125 3393 238 3456 ltumor
259 3411 300 3454 ex
326 3389 383 3453 hac
406 3396 533 3474 surgat,
565 3403 625 3471 quo
649 3397 775 3454 tenuato
799 3392 902 3472 ignem
927 3389 1029 3470 nasei,
1067 3405 1107 3450 ex
1130 3389 1193 3470 igni
1217 3406 1274 3449 au-

127 3507 188 3563 tem
210 3515 330 3560 sursum
353 3497 416 3560 loto
440 3497 545 3560 stellas
569 3499 756 3560 consistere.
801 3496 879 3558 llssc
902 3502 1003 3557 autem
1027 3495 1116 3556 etiam
1134 3499 1313 3558 terrenasso

128 3611 254 3667 naturas
278 3605 308 3665 in
331 3606 461 3687 regione
485 3603 640 3666 stellarum
665 3621 745 3685 quae
769 3619 828 3664 una
852 3600 990 3663 terantur
1011 3617 1078 3661 cum
1094 3599 1161 3661 illis.
1206 3599 1275 3662 Non

129 3711 246 3774 moveri
278 3717 378 3774 antem
412 3709 467 3773 suh
497 3715 610 3773 terram
639 3709 743 3772 stellas
778 3707 867 3790 dicit,
900 3708 978 3768 sicut
1013 3705 1061 3768 alil
1097 3709 1277 3788 statuerunt,

129 3819 184 3882 aad
209 3819 323 3880 circum
347 3825 479 3897 terram,
504 3815 762 3898 quemadmodum
786 3815 902 3877 circum
926 3820 1066 3875 nostrum
1091 3820 1180 3892 caput
1202 3829 1277 3875 ver-

129 3927 202 3988 titur
225 3925 336 4006 pileus,
360 3932 391 3986 et
414 3923 561 3986 occultari
586 3922 701 4004 solem,
725 3937 788 3984 non
813 3919 892 3982 intra
914 3925 1027 3980 terram
1051 3917 1196 3999 delatum,
1219 3917 1275 3981 sed

130 4199 191 4236 rus:
210 4183 240 4236 ali
260 4183 341 4254 vulgo
430 4185 474 4240 73.
494 4185 576 4238 πάλιν
594 4183 752 4257 Bosporus:
772 4183 839 4237 ἐπὰν
855 4181 938 4252 vulgo
1029 4181 1074 4234 tt.
1092 4178 1277 4233 ἀποτελεῖσθαι

129 4273 287 4348 lloeperus:
308 4276 467 4350 ἀποτελεσθῇ
484 4277 566 4348 vulgo
632 4279 677 4332 74.
697 4279 803 4344 πίλησιν
822 4273 972 4330 salvinius:
993 4272 1118 4338 αὴλλησνν
1139 4269 1177 4323 T:
1198 4268 1278 4333 niln-

128 4387 172 4423 σιν
189 4367 291 4440 reliqui
442 4370 486 4422 77.
505 4371 549 4425 te.
569 4373 696 4424 πλατεῖαν
719 4369 756 4424 ἐπ’
777 4369 857 4440 ἀέρος
876 4367 1024 4438 ὀχουμένην
1047 4359 1130 4415 1³02
1157 4362 1281 4412 αλαπῖαν

129 4459 197 4516 tlroe‘a
216 4461 253 4515 Η
275 4461 354 4532 ὅρος
373 4462 518 4536 synoplum
534 4459 691 4517 Gronovius
799 4461 844 4513 ts.
864 4449 1054 4529 torpescenti,
1074 4449 1100 4504 0

945 4553 994 4616 2·
