3002 4958
489 324 666 384 sustentus,
711 325 912 386 13711111οὓ1.
1229 325 1266 388 51

116 491 264 574 pmdiqia
289 490 374 573 loqui
396 499 605 556 conmenta
638 493 835 558 multitudine.
889 495 962 556 'tum
997 489 1144 577 deinceps
1174 494 1269 561 iutilia

116 601 241 664 ihorum
264 609 438 666 commenta
461 599 686 668 iiiustrahimns.

555 755 630 762 --—
636 755 646 762 -
655 751 833 762 —n--u-——ffln

285 927 619 1006 ausurhslonls
644 928 822 1003 OMNIUM
850 931 1115 1005 HAERESIUM

538 1089 649 1152 LIBER
677 1085 867 1162 QUARTUS.

621 1221 795 1231 ..ι---.-

215 1309 242 1378 1.
290 1311 463 1390 [Stellarum
479 1323 580 1380 autem
596 1317 748 1400 appellant
764 1318 911 1381 terminos
923 1317 953 1379 in
968 1333 1155 1398 unoquoque
1170 1315 1275 1400 signo,

128 1417 157 1480 in
181 1417 291 1500 quibus
315 1438 519 1504 unaquaeque
549 1423 635 1486 stella
667 1445 684 1488 a
713 1433 807 1508 quota
830 1431 917 1506 parte
948 1425 985 1486 ad
1017 1430 1140 1506 quotam
1171 1441 1271 1504 usque

127 1535 243 1606 partem
266 1534 369 1608 potest
391 1529 561 1610 plurimum.
615 1531 661 1594 Da
684 1531 794 1614 quibus
817 1548 879 1594 non
905 1528 1028 1614 exigua]
1058 1536 1106 1592 est
1128 1527 1208 1610 apud
1231 1529 1271 1592 il-

132 1631 178 1694 tos
200 1634 366 1698 secundum
391 1632 522 1718 [tabutas
545 1655 617 1700 suas
641 1636 810 1702 diversitas.
863 1636 974 1718 Stipari
1002 1643 1102 1702 autem
1126 1644 1270 1718 tanquam

133 1740 360 1828 asateliitihus]
390 1742 493 1806 stellas
531 1745 632 1828 aiunt,
664 1742 799 1830 [quando
830 1744 952 1808 madiae
982 1751 1053 1806 sunt
1085 1743 1166 1807 inter
1196 1744 1292 1811 aliast

134 1846 236 1910 stellas
258 1849 285 1910 in
309 1847 462 1934 confiniis]
498 1851 673 1934 signorum,
711 1853 819 1936 veluti,
855 1849 979 1936 quando
1010 1850 1162 1928 [eiusdem
1190 1852 1271 1934 signi

128 1955 216 2018 stedia
240 1955 340 2040 aliqua
365 1959 476 2040 primas
501 1965 631 2040 occupat
652 1959 784 2052 partes]‚
808 1960 867 2026 alia
891 1957 1073 2044 [extremas,
1097 1958 1154 2023 alia
1178 1959 1271 2024 deni-

132 2080 292 2144 quequae
315 2070 386 2127 sunt
407 2065 438 2127 in
462 2064 597 2149 mediol,
626 2067 730 2149 stipari
753 2086 770 2130 a
792 2067 972 2132 satellitibus
998 2066 1108 2132 dicitur
1131 2084 1168 2132 ea
1192 2085 1272 2150 quaa

130 2179 176 2236 est
198 2169 299 2234 media
322 2170 359 2236 ah
381 2173 431 2254 iis,
456 2189 536 2256 quae
560 2175 699 2239 obtinent
721 2193 776 2239 eas
799 2184 918 2260 partas,
949 2193 1029 2257 quae
1059 2183 1130 2238 sunt
1157 2176 1187 2238 in
1212 2193 1272 2236 ex-

130 2287 238 2344 tremo.
284 2276 486 2363 [Adspectare
509 2289 609 2348 autem
632 2281 774 2347 dicuntur
796 2283 927 2346 invicem
951 2290 983 2346 et
1005 2285 1173 2349 concinere
1193 2282 1311 2352 intorto

130 2391 175 2460 se]
200 2393 309 2470 utpote
339 2390 370 2452 in
398 2386 495 2472 figura
526 2389 704 2474 triangulari
733 2398 786 2454 aut
813 2389 1052 2474 quadrangulari
1081 2396 1273 2474 apparentes,
1300 2463 1303 2470 ⁴

130 2495 231 2578 Atque
254 2495 405 2578 triangula
430 2495 552 2578 quidem
575 2495 747 2584 figurantur
760 2497 858 2564 torma
882 2505 912 2560 at
932 2496 1113 2578 adspectant
1132 2497 1214 2559 inter
1229 2514 1275 2580 se,

129 2621 209 2686 quae
231 2605 321 2668 triam
344 2605 502 2689 signorum
525 2605 654 2687 spatium
683 2603 796 2666 hahent
824 2604 1030 2686 interiectum,
1065 2602 1275 2687 quadrangula

130 2719 249 2794 autern,
273 2729 353 2793 quae
376 2710 517 2774 duorum.
571 2711 667 2793 Capiti
693 2709 825 2774 humano
853 2709 1012 2774 subiectae
1043 2717 1145 2790 partes
1170 2713 1273 2786 [com-

128 2819 285 2898 patiuntur
309 2826 340 2882 et
362 2814 520 2898 subiectis]
546 2825 655 2902 caput,
678 2819 719 2881 ite
743 2819 833 2882 etiarn
856 2816 1107 2899 superlunaribus
1138 2817 1312 2899 partibusto

130 2931 304 2990 terrestres.
350 2925 411 2990 Sed
435 2925 585 3007 quaedam
609 2925 714 2990 harum
738 2931 786 2988 est
808 2924 970 2988 diversitas
994 2931 1025 2986 et
1055 2922 1273 3005 incompatibi—

126 3033 210 3118 rins,
233 3041 265 3098 ut
287 3051 368 3117 quaa
391 3051 454 3096 non
477 3051 567 3096 unam
592 3029 787 3114 eandemque
811 3029 944 3097 habeant
967 3031 1147 3096 iuncturam.

216 3140 247 3204 2.
291 3139 343 3204 His
367 3143 415 3206 usi
434 3140 605 3224 Euphrates
627 3139 783 3206 Peraticus
807 3149 838 3206 ot
862 3140 1014 3204 hcemhes
1039 3139 1195 3221 Carystius
1219 3157 1274 3202 re-

129 3249 277 3332 liquaque
299 3249 408 3312 horum
433 3249 522 3314 turha
545 3248 704 3337 doctrinae
728 3249 866 3312 veritatis
888 3246 987 3310 aliena
1012 3246 1197 3330 affingentes
1215 3265 1273 3309 ae-

130 3376 240 3421 vorum
263 3355 447 3421 discordiam
476 3364 508 3419 et
543 3357 823 3440 transgressionem
857 3356 1005 3420 bonarum
1037 3360 1219 3438 potestatum
1243 3356 1312 3421 inan

132 3465 209 3528 mals
235 3473 267 3527 et
296 3472 467 3528 concentus
496 3461 645 3527 bonarum
675 3482 743 3526 oum
775 3464 877 3544 pravis
912 3461 1092 3544 loquuntur,
1124 3467 1274 3524 vocantes

132 3571 296 3654 toparchas
320 3579 351 3634 et
374 3573 526 3652 proastios
550 3571 679 3650 aliisque
697 3570 833 3652 plurimis
850 3570 1033 3652 nominihus,
1058 3585 1186 3650 quorum
1200 3569 1273 3630 uni-

136 3859 178 3898 ont
198 3841 220 3898 C
239 3839 268 3896 Μ
307 3839 363 3898 Cir.
383 3841 457 3898 Sext.
477 3843 507 3918 s.
527 3845 573 3899 39-
699 3847 725 3899 9.
748 3844 789 3898 10.
807 3843 872 3898 κατὰ
890 3846 1020 3915 τρίγωνον
1035 3839 1086 3913 μὲν
1105 3833 1154 3894 οὖν
1173 3855 1274 3912 σχημα-

134 3937 244 3998 ιὶζονιαι
259 3935 306 3989 seed
324 3937 517 4008 tacompoomv
529 3935 642 3992 Sextus:
660 3939 707 3992 καὶ
722 3937 966 4011 ωσχημαιίζονπς·
985 3933 1159 4006 ἐπιθεωροῦσι
1173 3933 1202 3988 n
1214 3929 1235 3986 C
1245 3930 1275 3988 Μ

135 4028 177 4082 to.
196 4030 224 4082 oi
241 4025 358 4082 Sextus:
379 4044 432 4082 om.
454 4025 525 4083 CM
616 4030 658 4084 11.
679 4029 811 4102 διάστημα
834 4027 933 4082 Sextus
1009 4026 1050 4080 11.
1070 4027 1097 4078 oi
1113 4023 1229 4082 Sextus:
1251 4028 1277 4080 ad

135 4115 203 4174 CH
282 4121 360 4174 mota
378 4117 476 4174 Sextus
555 4119 699 4192 κεφαλῆὓ
809 4122 853 4176 13.
870 4123 899 4174 ἐν
915 4115 1056 4192 modic
1149 4117 1191 4172 13.
1210 4115 1278 4190 ὗπίρ

95 4253 101 4264 .
133 4215 279 4280 wadon
302 4209 338 4266 Gn
366 4216 537 4284 ἐπουρανίοις
565 4211 664 4268 Sextus
800 4215 841 4268 tt.
871 4210 1039 4286 supersideo«,
1068 4205 1181 4264 11σάνο
1219 4204 1275 4263 sdr.

135 4303 209 4359 Sue
230 4303 254 4356 V
273 4303 303 4378 S.
322 4305 476 4377 tepens
577 4307 618 4362 16.
641 4308 685 4359 17.
701 4305 833 4378 Raparia]
852 4303 926 4360 huin
944 4323 972 4376 p.
995 4303 1044 4358 tar
1062 4299 1277 4369 Kildara-315

131 4396 237 4470 'adipem
359 4397 401 4450 17.
434 4394 491 4451 en.
517 4397 587 4452 inira
606 4417 634 4469 p.
647 4399 708 4462 127,
726 4401 763 4453 26
781 4417 857 4472 sqq..
883 4399 930 4454 adri
953 4395 1048 4452 eadem
1075 4391 1205 4461 ampliora
1232 4390 1279 4444 ie-

129 4497 231 4560 gnotur
951 4557 996 4624 4·
