3002 4958
647 293 765 354 tutuo.
1242 297 1282 360 33

126 477 189 540 qua
214 465 370 521 exornata
394 459 533 520 extitisse
557 467 702 542 quattuor
725 461 891 543 clementa,
916 461 998 524 unde
1022 464 1282 548 exordinantur,

132 567 210 648 igni,
235 575 320 649 aere,
344 575 438 648 terra,
462 583 550 650 aqua,
574 569 747 649 exquibus
770 567 940 647 etreliqua
965 572 1076 653 omnia,
1100 590 1180 652 quae
1204 586 1323 634 coa-au

132 673 209 756 gata
233 679 396 755 vocentur,
420 679 450 735 et
474 674 613 736 animatia
638 682 668 737 ot
691 676 809 756 piantes
826 676 1011 740 constitisse.
1043 678 1206 760 Exemplar
1222 698 1282 754 aue

132 785 197 842 tem
229 778 415 842 intellectum
451 779 500 842 dei
534 798 626 865 esse,
656 781 738 863 quod
767 789 800 848 et
827 781 964 844 idearum
993 786 1117 846 nomine
1141 786 1281 866 appellat,

132 885 221 966 quod
251 895 395 967 tanquam
424 886 559 970 effigiem
590 891 761 969 respiciens
788 889 818 950 in
843 889 943 952 anima
967 889 1043 952 dous
1065 893 1209 955 universa
1233 893 1282 955 ta-

134 993 312 1058 bn'caverit.
362 993 459 1058 Deum
482 994 606 1076 quidem
631 995 705 1060 dicit
727 994 955 1076 incorporalem
980 1003 1011 1058 et
1033 997 1233 1078 ineffigiatum
1252 1008 1283 1061 et

134 1101 256 1165 asciis
276 1101 466 1182 sapientibus
493 1103 566 1164 viris
595 1102 815 1185 comprehendi
845 1119 960 1184 posso;
995 1105 1153 1166 materiem
1184 1112 1322 1171 autemso

136 1209 277 1289 potentia
314 1206 436 1290 quidem
477 1227 592 1290 corpus
622 1226 709 1291 essa,
751 1219 822 1274 actu
852 1217 951 1274 autern
985 1210 1140 1290 nondum;
1182 1213 1281 1276 intor-

136 1333 220 1376 mem
250 1315 330 1378 enim
354 1322 385 1377 et
408 1323 565 1378 carentem
589 1316 784 1396 qualitatibus
808 1318 972 1396 assumptis
995 1317 1102 1380 formis
1125 1326 1155 1380 et
1179 1320 1280 1400 quaii-

139 1420 255 1502 tatibus
280 1423 417 1484 extitisse
439 1438 563 1502 corpus.
609 1421 763 1485 Materiam
787 1423 880 1505 igitur
902 1424 939 1484 ab
962 1423 1049 1487 initio
1073 1442 1145 1488 esse
1170 1432 1201 1487 et
1223 1413 1282 1488 ae-

136 1527 261 1610 quatem
291 1529 366 1611 deo,
399 1529 436 1590 ab
465 1526 523 1592 bac
553 1534 639 1610 parte
663 1531 753 1592 etiam
778 1529 921 1592 mundum
946 1546 1007 1591 nou
1031 1536 1151 1606 natum;
1181 1549 1222 1592 ex
1246 1549 1281 1594 ea

138 1637 222 1698 enim
246 1637 287 1697 ait
308 1636 483 1700 constitisse
505 1633 659 1717 mundum,
680 1635 709 1698 id
734 1641 836 1698 autern
860 1633 942 1715 quod
966 1643 1068 1697 natum
1092 1652 1155 1698 non
1171 1638 1321 1700 sitne-at

138 1743 278 1810 cumano
294 1741 383 1822 sequi
406 1749 522 1804 utnon
545 1747 669 1824 pereat;
696 1748 849 1822 quatenus
873 1749 974 1804 eutem
999 1749 1030 1804 et
1053 1759 1166 1824 corpus
1190 1749 1221 1804 et
1244 1761 1282 1806 ex

137 1847 241 1912 multis
258 1847 452 1928 qualitatibus
475 1855 506 1912 et
530 1847 695 1930 speciebus
719 1848 920 1927 compositum
941 1849 1023 1928 ponit
1049 1848 1211 1930 mundum,
1241 1851 1280 1912 ita

133 1956 227 2018 etiam
252 1962 354 2018 natum
378 1960 410 2016 et
432 1954 609 2035 periturum.
661 1953 789 2028 Quidam
813 1960 914 2016 autem
938 1971 978 2016 ex
1001 1953 1164 2018 Platonicis
1189 1961 1277 2017 utra·
1353 2033 1356 2038 Δ

126 2051 197 2142 'que
220 2063 407 2124 miscuerunt
429 2061 475 2124 usi
500 2059 641 2140 exemplo
664 2058 742 2122 boc:
774 2061 856 2124 velut
879 2061 1044 2142 plaustrum
1069 2069 1171 2143 potest
1194 2081 1280 2126 sem-

132 2187 194 2250 per
216 2185 399 2248 pernmuere
419 2167 550 2249 salvum,
574 2185 641 2230 oum
664 2185 720 2248 per
743 2174 846 2248 partes
868 2173 1038 2251 reparatur,
1063 2171 1181 2232 etiamsi
1205 2184 1303 2250 par-1

132 2283 184 2339 tes
199 2282 329 2357 pereunt
345 2274 473 2358 singulis
488 2273 621 2354 vicibus,
644 2275 740 2356 ipsum
764 2283 865 2340 autem
890 2275 1042 2357 integrum
1065 2293 1188 2356 sempor
1211 2293 1280 2336 rata-

132 2389 204 2446 net:
228 2379 310 2444 buno
325 2382 356 2445 in
372 2381 495 2444 modurn
510 2381 602 2444 etiarn
616 2382 745 2444 mundus
760 2382 817 2444 etsi
831 2399 886 2462 per
900 2387 1004 2461 partes
1021 2385 1110 2466 perit,
1127 2388 1280 2462 reparatis

133 2496 240 2553 autem
264 2494 296 2552 et
317 2487 525 2568 compensatis
543 2487 591 2570 iis,
615 2503 695 2568 quae
718 2487 839 2566 dempta
859 2493 944 2568 sunt,
969 2490 1187 2568 sempiternum
1212 2505 1280 2549 ma-

136 2603 204 2660 net
257 2593 356 2658 Deum
384 2600 484 2656 autem
515 2592 564 2656 aiii
588 2592 694 2656 dicunt
716 2610 808 2655 unum
832 2610 901 2654 eum
925 2594 1069 2656 statuisse
1092 2611 1153 2655 non
1180 2600 1304 2655 natumu

138 2709 172 2766 et
196 2719 257 2763 non
280 2701 456 2782 periturum,
481 2708 514 2762 ut
536 2698 609 2762 dicit
631 2699 661 2760 in
684 2697 836 2780 Legibus:
866 2699 951 2760 Deua
972 2699 1076 2782 mitur,
1102 2699 1285 2758 eiectantem

136 2811 267 2888 antiqua
287 2805 398 2885 fabulo
420 2813 481 2883 est,
521 2814 553 2868 et
577 2805 764 2886 principium
784 2812 816 2864 et
833 2803 924 2883 [ἰωοηι
946 2811 977 2864 et
997 2804 1129 2894 medium
1153 2803 1286 2863 omnium

138 2933 339 2996 eorumquae
355 2911 538 2976 mntbnbct.
583 2911 616 2974 ln
645 2909 727 2974 hunc
750 2910 872 2973 modum
896 2928 987 2972 unum
1012 2927 1081 2970 eum
1105 2910 1156 2990 qui
1180 2910 1282 2970 omnia

139 3022 312 3104 pervaserit
347 3019 493 3082 declarat.
554 3016 615 3082 atti
650 3025 751 3080 autem
785 3017 875 3080 etiam
913 3014 1135 3079 multos'iiium
1167 3014 1282 3096 dicere,

138 3129 265 3212 quando
295 3125 394 3190 dicat:
427 3125 502 3188 daus
534 3126 674 3200 deorum
699 3143 835 3205 *quorum
861 3142 919 3203 epo
947 3132 978 3184 et
1005 3121 1112 3202 opifex
1134 3129 1164 3183 et
1184 3130 1320 3202 putente

138 3237 200 3300 nttt
224 3251 300 3296 aero
324 3235 413 3296 etiam
437 3230 591 3312 definitos,
615 3229 738 3312 quando
762 3228 861 3295 dicat:
885 3229 981 3308 ipitcr
1002 3247 1130 3309 mopoua
1151 3229 1282 3290 incocto

136 3345 261 3423 Jupiter
283 3341 398 3405 ciuium
420 3357 543 3400 eumuna
564 3355 670 3417 upana,
693 3343 724 3396 et
747 3334 871 3416 quando
895 3335 1021 3413 stirpem
1045 3332 1283 3396 recenseatiili-
1374 3409 1379 3417 Ι

138 3467 227 3513 orum
252 3445 339 3509 Caeli
361 3452 394 3507 et
422 3445 545 3507 Terrae.
604 3441 661 3504 nttt
685 3449 787 3504 autem
811 3439 1006 3502 constituisse
1029 3458 1099 3502 eum
1123 3439 1199 3503 deos
1222 3455 1282 3519 ge-

139 3561 268 3618 neratos
299 3559 330 3614 et
358 3556 485 3632 propter
507 3550 740 3631 generationem
765 3545 939 3608 omnimodo
962 3547 1063 3626 perire
1087 3563 1143 3607 eos
1167 3560 1283 3606 neces·

139 3665 262 3725 sitateoa
286 3675 373 3740 esse,
409 3673 464 3738 per
485 3657 672 3718 voluntatem
697 3659 798 3716 autem
823 3653 873 3715 dei
898 3652 1085 3714 immortates
1109 3667 1197 3731 esse,
1233 3650 1316 3712 ubits

141 3769 221 3832 baec
244 3765 344 3828 addit:
376 3765 450 3826 deus
473 3765 613 3842 deorum
636 3777 764 3840 puerum
785 3777 843 3838 epo
865 3765 897 3818 et
917 3756 1024 3836 opisec
1047 3763 1078 3816 at
1095 3763 1195 3834 puter,
1231 3756 1283 3816 in-

141 3872 336 3936 dissotubiiiu
356 3889 403 3932 nte
426 3871 546 3950 quidem
568 3868 703 3942 colente,
727 3864 869 3944 quoniam
893 3863 919 3926 si
942 3861 1035 3924 vellet
1058 3860 1200 3943 dissolvi,
1235 3863 1283 3922 ia-

141 3981 201 4044 cile
224 3977 478 4042 dissoiverentur.
525 3975 716 4036 Daemonum
739 3976 838 4032 autem
864 3975 990 4031 naturas
1013 3968 1134 4048 accipit,
1157 3973 1188 4028 et
1209 3965 1286 4028 alios

139 4145 178 4202 IV
197 4165 224 4218 p.
245 4145 298 4200 715
311 4143 355 4196 b.:
376 4141 500 4196 ἁπάντων
516 4140 598 4210 vulgo
683 4137 723 4191 ts.
741 4137 794 4207 ἔχει
812 4133 907 4189 Plato:
938 4135 1007 4206 ἔχων
1024 4134 1106 4202 vulgo
1187 4133 1228 4185 14.
1249 4123 1288 4184 ὧν

141 4239 275 4294 inertum
295 4253 330 4288 ex
348 4231 418 4288 Plut.
437 4231 508 4288 Tim.
528 4251 555 4304 p.
577 4231 650 4286 dia:
684 4227 747 4282 Osci
761 4227 839 4290 banis:
860 4217 899 4280 ὧν
913 4227 965 4298 ἐγώ
979 4223 1142 4297 δημιουργὸς
1160 4221 1245 4290 πατὴρ
1264 4239 1286 4271 rs

138 4321 276 4402 lpyarrsd't
293 4325 326 4382 δι’
346 4327 413 4400 ἐμοῦ
431 4324 564 4397 γενόμενα
583 4322 663 4376 &um
681 4318 787 4392 ἐμοῦγο
806 4320 928 4378 θέλοντος
946 4315 996 4370 cfr.
1010 4316 1092 4387 paulo
1106 4319 1169 4383 post
1184 4309 1200 4363 Ι.
1219 4313 1249 4362 tit
1277 4341 1283 4346 -

138 4424 183 4478 Ἃ.
307 4420 348 4472 Π.
368 4417 490 4490 paratorio
508 4407 754 4486 etyeyaviumer
773 4410 911 4482 γιννητοὺς
930 4418 958 4461 et
975 4405 1149 4480 yrymipm‘tm
1169 4400 1248 4468 vulgo
