2920 4982
470 365 662 428 PiihlllSAssl.
706 365 912 428 stuuucttut.
1192 360 1257 430 489

108 549 174 598 nus
198 539 230 598 et
252 533 355 615 quoad
387 533 475 619 leges
496 532 653 600 Pharisaei
681 535 842 619 appellati,
870 554 999 620 quorum
1028 535 1158 602 maxima
1188 555 1260 621 pers

110 641 260 706 omnihus
297 642 374 708 loeis
407 647 470 728 est,
508 661 577 707 eum
616 661 724 708 omnes
760 643 883 727 quidem
921 642 1028 710 ludaei
1061 645 1264 732 appellentur,

110 759 246 832 propter
278 750 453 836 singulares
489 758 589 815 autom
619 753 782 835 opiniones
817 771 889 818 suas
923 754 1055 836 propriis
1087 755 1303 820 nominihustt

110 865 277 925 vocentur.
338 859 375 924 lli
406 860 500 942 igitur
540 869 691 926 vetustum
730 860 923 926 traditionem
963 859 1090 925 tirmiter
1123 867 1266 928 tenentes

113 964 157 1030 de
181 966 237 1053 iis,
269 985 351 1050 quae
380 967 551 1032 seeundum
579 968 681 1053 legem
714 969 828 1034 mundo
857 972 918 1035 sint
947 971 1180 1057 immundoque,
1203 990 1266 1036 non

115 1073 264 1140 desinunt
286 1075 421 1161 litigiose
451 1074 641 1162 disceptare,
676 1076 819 1161 legisque
846 1078 1029 1142 sententiam
1059 1079 1268 1162 interpretan-

114 1190 169 1246 tur
194 1184 359 1268 magistros
390 1182 428 1248 ud
448 1185 503 1248 iata
526 1184 626 1248 studia
650 1185 872 1267 producentes.
917 1186 953 1250 lli
975 1185 1069 1250 iatum
1087 1205 1158 1251 esse
1178 1189 1270 1282 aiunt,

116 1299 149 1356 et
175 1291 276 1384 aliqua
299 1292 427 1357 arbitrio
449 1292 669 1376 esse-nelina,
701 1293 800 1376 aliqua
833 1302 935 1359 autern
967 1294 1032 1359 into
1059 1296 1128 1378 regi
1137 1345 1145 1380 ‚
1174 1297 1214 1360 ita
1239 1302 1307 1359 ntro

118 1400 222 1482 eliqua
245 1418 343 1483 penes
367 1417 425 1466 noa
459 1400 538 1486 sint,
567 1401 667 1483 aliqua
699 1408 801 1465 autem
833 1419 851 1464 e
880 1401 943 1466 into
974 1401 1148 1488 pendeant,
1181 1402 1271 1466 deum

118 1517 223 1575 autem
256 1511 468 1574 universarum
501 1526 602 1573 rerum
635 1527 706 1573 esse
723 1517 894 1604 ¹auctorem
931 1509 1066 1592 nihilque
1103 1510 1171 1574 sine
1206 1511 1273 1576 eius

119 1617 280 1683 voluntate
304 1617 476 1699 dispensari
498 1616 547 1680 vel
571 1617 708 1682 evenire.
754 1618 791 1681 lli
814 1619 904 1682 etiam
928 1619 1028 1683 earnis
1060 1621 1271 1685 resurreetio-

120 1744 193 1788 uem
216 1725 400 1807 profitentur
431 1733 461 1790 et
483 1725 615 1788 animam
646 1742 717 1788 esse
750 1725 949 1789 immortalem
966 1733 1015 1800 ‚et
1047 1727 1192 1791 iudioium
1222 1728 1274 1793 iu-

119 1841 222 1898 turum
253 1841 285 1898 et
318 1832 590 1918 deflagrationem,
625 1839 655 1898 el
688 1833 785 1896 iustos
815 1851 971 1916 nunquam
1004 1835 1159 1917 perituros
1192 1847 1311 1921 essert

120 1944 253 2008 iniustos
274 1951 376 2006 notem
400 1943 430 2006 in
455 1951 636 2025 perpetuant
660 1943 798 2026 punitum
822 1941 859 2005 iri
881 1942 912 2004 in
937 1943 1011 2026 igno
1037 1943 1275 2028 inextinguibili.

210 2051 262 2118 29.
307 2051 392 2116 Haeo
425 2051 518 2135 igitur
551 2058 582 2115 et
611 2045 778 2115 Pharisaei.
843 2050 1015 2114 Sadduooei
1046 2058 1148 2116 nutem
1178 2052 1271 2117 iatum

122 2159 251 2238 tollunt,
285 2168 318 2224 et
344 2158 434 2223 deum
457 2157 531 2222 nihil
561 2159 629 2222 muli
661 2176 758 2244 agere
792 2158 842 2223 nel
881 2160 1045 2242 providere
1081 2159 1273 2247 profitentur,

124 2287 196 2334 esse
225 2276 327 2333 autem
357 2269 387 2332 in
416 2267 570 2332 hominum
603 2273 756 2350 potestate
787 2267 973 2332 electionem
1008 2269 1080 2332 honi
1111 2277 1164 2333 aut
1195 2269 1273 2333 mali.

122 2378 393 2444 Resurrectionem
417 2393 492 2441 vero
516 2383 633 2459 negant
654 2394 718 2439 non
742 2376 841 2442 solum
864 2377 984 2460 carnia,
1006 2376 1062 2440 sed
1086 2379 1176 2442 etiam
1201 2381 1312 2443 ani-8⁰

125 2505 204 2551 mam
234 2503 298 2550 non
332 2503 517 2568 permanere
545 2487 725 2567 opinantur3
757 2484 807 2548 hin
835 2491 937 2548 autem
970 2491 1085 2549 tantum
1118 2505 1189 2550 esse
1221 2487 1271 2550 vi·

126 2601 200 2678 tum,
235 2602 265 2656 et
288 2593 368 2657 hano
394 2611 465 2658 esse
493 2611 635 2657 caussam
667 2611 723 2656 our
745 2592 839 2658 humo
863 2592 962 2655 laetus
993 2593 1045 2678 sit,
1079 2592 1138 2658 hao
1168 2601 1272 2659 autem

124 2721 160 2768 ra
182 2703 302 2785 expleri
324 2701 564 2766 resurrectionis
585 2688 764 2784 notionem,
798 2699 882 2784 quud
906 2700 1021 2764 rollolis
1044 2702 1075 2764 in
1099 2707 1191 2781 terra
1204 2701 1274 2766 liliis

126 2811 216 2876 uitam
239 2810 397 2888 finiemus3
425 2817 496 2890 post
519 2814 648 2872 mortem
671 2815 774 2871 autem
796 2807 909 2871 nullam
933 2825 1004 2872 esse
1026 2825 1111 2891 spem
1134 2808 1272 2891 patiendi

126 2918 174 2984 rel
204 2919 314 2982 malurn
344 2917 396 2980 nel
427 2917 553 2998 honum,
585 2914 719 2980 solutum
749 2917 829 2980 enim
857 2916 895 2979 iri
925 2922 957 2979 el
987 2917 1116 2980 animatu
1142 2925 1173 2980 ot
1195 2929 1311 2982 cor-st

126 3045 182 3109 pus
205 3033 235 3091 et
265 3027 302 3088 ad
326 3025 449 3089 nihilum
481 3025 588 3087 uenire
621 3023 778 3088 hominem
806 3025 896 3089 sieuti
930 3025 1021 3088 etiam
1052 3025 1169 3108 reliqua
1201 3029 1272 3091 nni-

126 3137 247 3200 mantin.
292 3131 445 3216 Quidquid
469 3138 568 3196 eutem
592 3131 685 3196 horno
708 3131 739 3196 in
762 3131 820 3196 hae
843 3133 903 3197 vila
934 3132 1041 3198 leoerit
1064 3133 1147 3214 muli,
1179 3133 1272 3200 dum·

128 3242 220 3309 modo
255 3239 427 3308 hominihus
462 3238 680 3304 reconciliatus
718 3240 775 3326 sii,
809 3239 978 3326 lncriieeit,
1014 3259 1082 3306 oum
1115 3241 1271 3307 hominnm

128 3491 443 3578 inquinamentorum,
466 3491 602 3574 popum
624 3486 659 3552 da
682 3487 728 3562 alc
748 3489 881 3552 iaanenu
909 3489 964 3550 καὶ
991 3486 1046 3572 τὴν
1067 3485 1270 3576 εἱμαρμένην,

129 3603 236 3690 ψυχὴν
268 3599 304 3666 na
334 3603 446 3665 πᾶσαν
477 3603 538 3682 μὲν
567 3599 759 3684 ἄφθαρτον,
790 3598 993 3682 μεταβαίνειν
1020 3595 1057 3660 di
1092 3597 1138 3673 sig
1167 3601 1273 3686 ἔνερον

130 3715 220 3793 σῶμα
241 3711 296 3796 νῆν
317 3711 380 3773 τῶν
402 3707 544 3788 ἀγαθῶν
563 3705 686 3793 μόνην,
721 3707 776 3792 τὴν
807 3703 1088 3791 decerpendae
1110 3705 1204 3796 n’idirp
1227 3731 1273 3772 n-

130 3822 232 3906 puplp
254 3815 460 3893 κολάζεσθαι.
503 3816 724 3882 Σαδδονναῐοι
755 3814 808 3893 δέ,
833 3813 868 3880 ml
896 3814 1042 3902 δεύτερον
1067 3816 1193 3900 stippa,
1216 3815 1274 3903 mlv

131 3933 187 4014 piu
207 3923 401 4012 εἱμαρμένην
422 3927 630 3991 παντάπασιν
652 3923 823 4012 ἀναιροῦσι
850 3926 985 3990 καὶτὸν
1011 3926 1093 3990 θεὸν
1123 3924 1186 4003 ἔξω
1217 3929 1273 3990 noti

132 4037 213 4125 δρᾷν
234 4060 262 4101 n
282 4035 383 4101 κακὸν
410 4037 432 4122 ἢ
457 4036 501 4121 μή
524 4033 610 4120 δρᾷν
639 4037 797 4100 τίθενται·
827 4039 909 4121 φασὶ
938 4033 974 4100 δὲ
1002 4031 1059 4100 ἐπ’
1081 4030 1273 4121 ἀνθρώπων

132 4283 225 4340 adeste
244 4279 374 4336 affirmat:
395 4277 439 4333 tut
456 4277 523 4350 yps?
655 4277 700 4330 92.
727 4276 757 4329 ἐν
775 4275 803 4330 δὲ
819 4275 910 4346 τούτῳ]
928 4275 957 4328 ἐν
974 4273 1003 4326 δὲ
1021 4272 1056 4344 rapi
1074 4267 1110 4326 Gt
1134 4271 1176 4325 tut
1192 4271 1221 4325 tii
1239 4271 1275 4342 spi

133 4376 169 4433 hl.
206 4373 294 4430 Sicuti
313 4389 364 4428 nos
383 4371 465 4426 etiam
492 4367 526 4424 ll.
546 4365 659 4423 Scottus
686 4367 807 4423 coniecit
920 4367 965 4420 97.
990 4365 1137 4434 ἄνθρωπος
1160 4361 1199 4440 ἐν]
1225 4365 1273 4418 ἄν·

131 4475 242 4542 dpunou
262 4469 290 4522 ir
306 4483 382 4538 susp.
404 4463 432 4519 Μ
547 4462 705 4534 ἀνθρώποις
722 4461 784 4532 κᾶν]
812 4462 958 4534 ἄνθρωπος
982 4459 1028 4514 uui
1050 4454 1071 4514 C
1090 4456 1134 4514 hl:
1161 4457 1273 4530 dudoni·

133 4583 191 4627 nunc
210 4563 244 4618 du
262 4560 401 4634 Sauppiua
509 4559 643 4632 dialogis}
662 4555 684 4614 C
