3056 4970
240 297 301 362 178
344 297 381 380 (η.
410 303 479 362 ιιι.
504 297 585 382 τοι.)
658 301 753 362 unm
775 303 809 376 v,
835 305 950 362 121³.

237 481 291 527 ασι
313 468 368 526 καί
388 461 488 538 θεοῦς
507 468 562 528 καί
576 463 689 545 λόγους
711 470 765 530 καί
787 468 863 540 νοῦς
885 468 939 528 καί
961 461 1160 549 ἀνθρώπους
1181 465 1236 526 καί
1257 461 1296 525 τά
1312 429 1383 526 λοι-
1500 487 1501 496 ’

238 569 296 635 πά.
334 570 483 635 ’Λνωθεν
512 570 548 634 δὲ
575 570 642 636 άπδ
665 571 925 658 τῆςάγεννησίας
947 575 1001 635 καὶ
1024 575 1078 656 τῆς
1098 571 1222 655 πρώτης
1243 571 1300 633 τοῦ
1320 567 1380 632 κό-

201 695 321 762 εοσμου
342 683 446 764 τομῆς,
469 679 698 764 καθεστηκότος
719 678 834 743 λοιπόν
849 683 905 743 τοῦ
921 679 1040 760 κόσμοο
1056 677 1110 741 em
1124 675 1293 756 συντελείᾳ,
1308 697 1384 738 κατ-

239 784 431 872 εληλυθέναι
467 785 507 851 δι’
539 786 657 863 αίιίας,
689 786 730 862 ῦς
750 785 880 871 ὕστερον
910 785 1060 872 ἐροῦμεν,
1094 785 1130 849 έν
1150 795 1214 860 τοῖς
1230 781 1387 868 Ἥρώδου

240 891 366 978 χρόνοις
386 895 503 978 τριφυῆ
524 892 594 956 τινά
616 897 670 956 καί
691 893 887 979 τρισώματον
909 897 963 956 καὶ
984 890 1180 978 τριδόναμον
1202 890 1387 975 ἄνθρωπον

241 997 438 1081 καλούμενον
460 999 606 1085 Χριστόν,
637 998 705 1063 dna
726 1004 789 1064 τῶν
809 1003 905 1085 τριῶν
925 999 1037 1082 ἔχοντα
1059 1001 1114 1062 τοῦ
1137 997 1256 1079 κόσμου
1278 1000 1388 1080 μερῶν

241 1104 278 1168 έν
298 1104 401 1193 ἑαυτῷ
422 1105 528 1170 πάντα
549 1107 589 1170 τά
610 1109 803 1193 συγκρίματα
825 1108 956 1183 καὶτὰς
984 1106 1144 1190 δυνάμεις.
1201 1108 1264 1170 Καὶ
1295 1107 1388 1168 τοῦτο

205 1212 324 1278 ωείναι
354 1216 431 1298 φησὶ
463 1213 497 1276 τδ
528 1211 711 1296 λεγόμενον·
756 1217 848 1278 Πάν
875 1215 915 1278 τό
943 1214 1147 1299 πλήρωμα
1175 1209 1412 1296 εῦδόκησε·

243 1323 489 1403 κατοικῆσαι
517 1319 560 1383 έν
581 1319 691 1407 αυτῷ
711 1324 967 1403 σωματικῶς,
990 1325 1055 1384 καί
1076 1319 1190 1384 πᾶσά
1212 1318 1321 1382 ἐστιν
1343 1318 1387 1382 έν

244 1423 352 1513 αῦτηῦ
373 1423 565 1518 ῆθεότης
586 1429 639 1512 τῆς
659 1425 741 1490 οῦτω
757 1426 945 1518 διῃρημένης
959 1426 1097 1514 τριάδος.
1143 1427 1386 1510 Καττνηνέχθαι

242 1533 304 1618 γάρ
328 1549 425 1618 φησιν
446 1533 514 1597 άπὸ
535 1539 598 1598 τῶν
618 1532 854 1622 ὑπερκειμένων
875 1534 1003 1618 κόσμων
1024 1533 1099 1610 δύο,
1120 1536 1177 1597 τοῦ
1197 1555 1229 1596 τε
1250 1529 1387 1616 άγεννῆ-

243 1659 298 1700 του
329 1641 384 1704 καί
408 1640 465 1701 τοῦ
491 1636 693 1720 αδτογενοῦς,
721 1639 767 1714 είς
792 1643 901 1703 τοῦτον
929 1640 985 1703 τόν
1015 1639 1148 1721 κόσμον,
1182 1635 1218 1700 έν
1243 1631 1270 1722 ηί
1292 1635 1389 1719 έσμέν
1500 1633 1501 1640 '

207 1742 347 1829 οεῆμείς,
382 1749 544 1809 παντοίων
573 1744 740 1829 δυνάμεων
767 1747 942 1831 σπέρματα.
990 1748 1047 1820 Τίς
1068 1744 1106 1808 δέ
1127 1743 1209 1808 έστιν
1231 1741 1249 1806 ό
1270 1743 1389 1832 τρόπος

244 1855 297 1936 τῆς
318 1852 521 1934 καταβάσεως
544 1850 658 1930 αι’τῶν,
688 1851 816 1937 ὕστερον
844 1851 992 1937 έροῦμενί
1041 1849 1302 1936 Κατεληλυθέναι
1328 1846 1389 1912 οῦν

247 1962 323 2043 φησί
350 1957 405 2022 τόν
433 1960 572 2046 Χριστόν
601 1960 733 2022 ἄνωθεν
760 1956 828 2022 άπό
855 1962 907 2044 τῆς
936 1955 1137 2043 α’γεννησίας,
1166 1961 1222 2020 ίνα
1251 1955 1307 2020 διά
1335 1959 1389 2041 τῆς

249 2065 453 2147 καταβάσεως
475 2065 575 2130 αὐτοῦ
595 2066 702 2130 πάντα
725 2068 818 2156 σωθῆ
840 2064 878 2128 τά
898 2069 985 2151 τριχῆ
1008 2064 1192 2154 διῃρημένα.
1250 2067 1300 2128 Τά
1328 2067 1390 2146 μὲν

246 2171 319 2258 γάρ,
342 2155 448 2258 φησίν,
471 2171 603 2236 ἄνωθεν
624 2175 871 2258 κατενηνεγμένα
894 2173 978 2236 κάτω
1001 2170 1201 2236 άνελεόσεοαι
1224 2169 1263 2236 δι’
1279 2168 1389 2236 αῦιοῦ·

227 2279 287 2346 ιτά
309 2275 345 2342 δὲ
366 2277 652 2364 έπιβουΙλεόσαντα
674 2291 738 2355 τοϊς
751 2283 1024 2365 κατενηνεγμένοις
1036 2279 1169 2352 άνωθεν
1187 2277 1318 2362 ἀφίεται
1335 2281 1391 2347 καί

248 2384 451 2450 κολασθέντα
473 2383 673 2466 άπολέγεται.
720 2386 823 2450 Τοῦτό
844 2386 923 2464 ἐστι,
947 2389 1037 2472 φησί,
1059 2386 1093 2450 τό
1115 2387 1297 2471 εἰρημένον,
1333 2383 1389 2452 Οδ

246 2491 324 2580 γάρ
346 2489 474 2578 η’λθεν
495 2491 513 2557 δ
536 2487 939 2579 υίδςτοῦάνθρώπου
955 2492 1269 2576 είςτδνκόσμον,
1293 2489 1391 2558 άπο-

249 2597 366 2663 λίσαι
387 2599 456 2664 τόν
476 2598 644 2684 κόσμον,
674 2597 753 2664 ἀλλ’
782 2605 849 2664 ίνα
878 2602 984 2690 σωθῆ
1014 2596 1031 2662 ό
1062 2599 1209 2681 κόσμος
1236 2595 1283 2661 δι’
1317 2596 1391 2662 αδ-

226 2709 322 2770 οτοῦ.
368 2706 514 2790 Κόσμον,
546 2710 637 2794 φησί,
673 2705 766 2772 καλεῖ
787 2705 843 2782 τάς
863 2705 922 2770 δύο
938 2707 1054 2798 μοίρας
1074 2705 1131 2780 τάς
1151 2699 1389 2792 ῦπερκειμένας,

248 2812 305 2898 τῆν
325 2835 357 2876 τε
379 2811 550 2899 άγέννητον
574 2817 628 2877 καί
649 2813 703 2900 την
725 2807 960 2898 αῦτογέννηιον.
997 2811 1100 2876 Ὀταν
1122 2810 1158 2874 δὲ
1174 2809 1259 2902 λέγη,
1282 2813 1390 2896 φησίν

248 2925 316 2984 ίνα
335 2919 385 3004 μῆ
408 2920 477 2983 σῦν
498 2923 550 3006 τῶ
572 2921 699 3007 κόσμῳ
722 2921 1031 3007 κατακριθῶμεν
1059 2917 1077 3002 ἡ
1099 2918 1218 3004 γραφή,
1248 2917 1304 3003 τῆν
1324 2921 1391 3004 τρί-

249 3045 304 3110 την
324 3035 443 3111 μοῖραν
463 3025 545 3107 λέγει
567 3029 622 3090 τοῦ
645 3027 765 3109 κόσμου
781 3029 841 3090 τοῦ
864 3025 979 3089 ίδικοῦ.
1035 3023 1103 3110 Τῆν
1124 3025 1266 3110 μὲνγὰρ
1288 3026 1391 3110 τρίτην

250 3129 303 3193 δεῖ
322 3133 504 3216 φθαρῆναι,
527 3131 567 3216 ῆν
588 3131 680 3195 καίει
699 3132 827 3215 κόσμον,
849 3131 906 3226 τάς
928 3131 964 3195 δὲ
986 3129 1046 3196 δόο
1062 3133 1115 3216 τῆς
1133 3133 1267 3219 φθοράς
1282 3129 1391 3194 dua).-

214 3252 242 3303 1⁰
252 3235 390 3321 λαγῆναι
412 3239 467 3312 τάς
488 3235 725 3324 ὑπερκειμένας.
982 3323 984 3326 ¹

340 3345 388 3409 13.
433 3345 611 3430 Μάθωμεν
632 3343 691 3410 οῦν
712 3348 847 3434 πρῶτον,
872 3349 941 3420 πῶς
961 3345 1075 3430 ταύτην
1087 3344 1143 3429 τῆν
1156 3343 1391 3430 διδαχῆνπαρά

251 3454 314 3514 τῶν
348 3449 549 3537 δστρολόγων
577 3452 739 3539 εἰληφότες
770 3450 976 3538 έπηρεάζουσι
1004 3449 1157 3536 Χριστόν,
1190 3448 1391 3535 ἐργαζόμενοι

253 3557 389 3644 φθοράν
417 3568 482 3634 τοῖς
513 3557 681 3643 ἑπομένοις
712 3559 821 3636 αδτοτς
843 3560 879 3624 έν
901 3563 937 3650 τῆ
958 3557 1083 3646 τοιαύτη
1106 3556 1222 3648 πλάνη.
1269 3553 1311 3620 Οἳ
1330 3557 1391 3643 γάρ

252 3661 437 3751 ἀστρολόγοι
465 3668 524 3729 ένα
555 3667 611 3731 τόν
642 3669 762 3751 κόσμον
792 3667 946 3753 είρηκότες
968 3665 1149 3751 διαιροῦσιν
1168 3661 1267 3728 αὐτόν
1287 3664 1333 3739 είς
1353 3667 1391 3728 τά

216 3783 245 3832 1ο
254 3767 384 3855 α’πλανῆ
404 3775 467 3835 τῶν
490 3769 611 3846 ζωδίων
629 3777 709 3860 μέρη
731 3772 867 3849 δώδεκα,
888 3777 943 3836 καὶ
964 3770 1097 3835 καλοῦσι
1118 3770 1173 3834 τόν
1193 3769 1312 3853 κόσμον
1331 3774 1393 3835 τῶν

252 3874 374 3949 ζωδίων
394 3882 456 3942 τῶν
479 3878 637 3944 ἀπλανῶν
658 3883 716 3944 ένα
738 3879 857 3963 κόσμον
879 3876 1025 3963 α’πλανῆ·
1053 3880 1159 3961 ἕτερον
1180 3876 1216 3939 δέ
1235 3877 1318 3940 είναι
1340 3879 1392 3941 τόν

251 3988 314 4047 τῶν
345 3975 564 4068 πλανωμένων
592 3991 645 4050 καί
674 3985 808 4070 δυνάμει
834 3990 889 4049 καὶ
918 3975 1009 4048 θέσει
1037 3986 1092 4046 καί
1121 3981 1254 4068 άριθμηῖ
1275 3983 1393 4065 κόσμον

251 4089 412 4170 λέγουσιν,
441 4092 477 4168 δς
506 4093 569 4158 έσιι
599 4097 691 4182 μέχρι
723 4094 861 4181 σελήνης.
917 4090 1106 4174 Λαμβάνειν
1128 4089 1164 4153 δὲ
1186 4088 1306 4173 κόσμον
1327 4087 1392 4154 dno*

323 4309 368 4370 οι.
387 4316 429 4382 ιε.
447 4317 559 4392 προ...]
577 4321 630 4392 ιρι
646 4321 689 4389 ιη.
707 4279 729 4375 ε
747 4319 789 4386 ιη
810 4320 845 4376 ει.
866 4320 936 4375 infra
956 4338 982 4390 p.
1003 4319 1065 4385 315,
1082 4320 1118 4372 ιο
1137 4315 1180 4370 ει.
1202 4312 1268 4370 οι.
1293 4317 1394 4390 που...

252 4403 278 4459 ί.
304 4403 471 4478 Βειοογιίυε
496 4410 515 4464 1.
540 4411 559 4464 l.
681 4411 726 4466 87.
756 4415 890 4484 ιρίσωμον
914 4408 935 4465 C
959 4409 1004 4474 M;
1041 4411 1077 4466 τί.
1103 4409 1173 4467 infra
1199 4426 1226 4480 p.
1251 4409 1320 4474 315,
1349 4411 1389 4466 32
