3050 4988
634 377 817 436 Basilicus
1233 376 1297 441 357

155 548 188 604 ut
211 541 353 627 redditis,
376 561 455 626 quae
478 542 600 609 aliunde
623 548 765 631 sumpsit,
789 545 981 612 declaremus
1003 546 1093 610 huius
1117 548 1173 611 viri
1197 547 1294 610 disci-

154 650 246 735 pulis,
270 669 343 738 eos,
367 655 471 734 utqui
494 652 607 718 ethnici
629 649 709 740 sirit,
732 675 749 720 a
772 653 892 719 Christo
916 653 988 718 nihil
1011 652 1144 718 adiutum
1167 652 1229 717 iri'l

240 795 290 858 20.
335 794 483 860 Basilides
506 797 599 880 igitur
621 805 652 861 et
674 799 824 883 isidorus,
854 797 1005 882 Basilidas
1031 797 1109 862 lilius
1142 800 1295 883 genuinus

154 906 183 962 et
201 901 378 984 discipulus,
401 904 485 966 aiunt
507 903 622 968 dixisse
644 905 701 968 sihi
723 905 878 968 Matthiam
901 923 1061 969 sermones
1085 905 1294 990 absconditos,
1303 924 1333 973 uo

154 1023 232 1087 quos
256 1009 407 1072 audiverit
428 1028 444 1072 a
468 1010 622 1075 salvatore
646 1010 841 1093 peculiariter
865 1010 1005 1075 edoctus.
1049 1011 1212 1075 Videamus
1231 1012 1293 1094 igi-

153 1119 216 1196 tur,
239 1132 330 1195 quam
355 1124 460 1197 aperte
482 1116 631 1180 Basilides
654 1117 743 1181 simul
774 1123 805 1180 ct
831 1116 966 1181 Isidorus
994 1119 1157 1199 omnisque
1186 1136 1293 1181 eorum

152 1220 265 1283 cohors
288 1238 350 1284 non
373 1223 549 1304 simpliciter
568 1243 661 1288 unum
678 1224 833 1288 Matthiam
852 1225 1061 1308 calumnietur,
1077 1243 1183 1288 verum
1202 1225 1292 1288 etiam

151 1328 336 1392 salvatorem
360 1331 466 1412 ipsum.
510 1330 598 1415 Brat,
620 1333 732 1415 iuquit,
762 1349 831 1395 cum
862 1338 929 1396 erat
958 1332 1048 1414 nihil,
1078 1332 1133 1396 sed
1156 1349 1196 1394 ne
1219 1330 1293 1394 nihil

151 1435 272 1517 quidem
295 1435 367 1500 illud
391 1445 456 1500 erat
478 1437 590 1519 aliquid
613 1456 653 1501 ex
676 1440 711 1500 iis
734 1456 814 1519 quaa
842 1445 928 1523 sunt,
959 1439 1014 1503 sed
1045 1440 1137 1522 plane
1159 1447 1189 1504 et
1213 1454 1332 1502 can-ra

152 1542 236 1628 dida,
259 1553 382 1610 remoto
403 1547 486 1608 omni
502 1543 698 1629 sophismate,
724 1553 791 1610 erat
812 1563 941 1628 prorsus
961 1546 1045 1610 nihil.
1095 1545 1168 1609 Cum
1191 1553 1293 1610 autem

151 1651 234 1736 dico,
256 1652 368 1736 iuquit,
391 1660 475 1736 crat,
504 1668 566 1716 noa
590 1651 659 1715 dico
685 1652 767 1732 quod
792 1659 875 1737 erat,
910 1652 966 1715 sed
989 1661 1023 1716 ut
1044 1653 1197 1716 declarem
1221 1652 1292 1735 quid

152 1757 223 1820 mihi
244 1757 354 1843 velim,
381 1760 451 1840 aio,
472 1759 587 1841 inquit,
615 1757 712 1822 luisse
740 1777 865 1841 prorsus
896 1760 978 1825 nihil.
1022 1761 1077 1825 Est
1103 1761 1182 1824 enim
1212 1760 1294 1844 illud,

150 1865 255 1946 inquit,
279 1883 341 1929 non
365 1882 491 1948 prorsus
513 1865 683 1948 ineffabile,
707 1865 955 1947 quodinellabile
976 1869 1158 1945 nominatum
1181 1866 1294 1948 quippe

150 1971 304 2037 ineffabile
324 1971 385 2036 hoc
407 1991 569 2055 vocamus,
593 1972 664 2037 illud
686 1981 786 2037 autem
811 1991 850 2036 ne
872 1973 1028 2038 inellabile
1051 1973 1193 2056 quidem3
1223 1979 1332 2041 ete-eo

150 2082 210 2144 nim
233 2079 281 2162 id,
305 2080 386 2163 quod
411 2096 451 2143 ne
473 2079 628 2144 inellabile
660 2079 782 2162 quidem
814 2086 880 2163 est,
912 2099 975 2145 nou
1005 2079 1159 2144 ineffabile
1190 2079 1294 2143 nomi-

149 2193 253 2270 natur,
276 2185 333 2249 sed
356 2192 417 2268 cst,
448 2189 558 2271 inquit,
588 2205 681 2269 supra
714 2205 805 2251 omne
830 2205 964 2271 numan,
996 2188 1079 2272 quod
1110 2189 1293 2252 nominatur.

148 2293 267 2358 Etenim
291 2311 332 2356 ne
357 2293 471 2356 mundo
503 2293 626 2375 quidem
654 2293 808 2358 sufficiunt
837 2295 977 2377 nomina,
1011 2297 1051 2359 ita
1081 2303 1129 2359 est
1159 2293 1294 2358 multila-

148 2400 225 2464 riam
246 2399 379 2485 divisus,
409 2401 465 2464 sed
489 2401 652 2479 deliciunt;
687 2402 838 2466 nocheri
865 2408 987 2488 potest,
1017 2402 1131 2484 iuquit,
1171 2409 1202 2463 ut
1222 2417 1293 2462 om-

149 2508 231 2572 nium
255 2508 377 2571 nomina
400 2509 593 2590 reperiantur
622 2508 764 2591 propria,
794 2506 851 2571 sed
884 2516 1010 2590 oportet
1039 2516 1142 2572 mente
1171 2525 1211 2570 ex
1233 2509 1331 2578 iis-ac

149 2613 219 2680 dem
240 2613 414 2679 nominihus
437 2632 563 2699 eorum,
593 2633 673 2696 quae
706 2615 917 2699 nominantur,
945 2616 1149 2698 proprietates
1178 2611 1292 2676 inelle-

147 2724 249 2788 hiliter
268 2722 453 2806 intelligere.
497 2720 707 2803 Aequahilitas
737 2721 817 2783 enim
846 2721 1002 2784 nominum
1032 2719 1291 2802 perturbationem

147 2829 275 2894 incussit
306 2836 338 2893 et
365 2829 633 2892 commutationem
663 2846 766 2892 rerum
797 2829 834 2892 iis
864 2829 915 2911 qui
943 2828 1079 2893 audiunt.
1138 2825 1204 2889 Hoc
1225 2827 1292 2907 pri-

148 2955 228 3001 mum
266 2936 400 3020 plagium
438 2941 469 2998 et
504 2934 616 2998 lurtum
645 2954 663 2998 e
696 2933 804 2998 schola
835 2934 1104 3018 Peripateticorum
1134 2940 1292 2997 sumentes

148 3041 305 3125 decipiunt
325 3041 529 3123 insipientiam
551 3058 668 3124 eorum,
691 3043 742 3122 qui
764 3040 803 3105 ad
827 3059 884 3106 eos
907 3060 943 3105 se
965 3048 1170 3127 congregant.
1214 3039 1329 3110 Namco

146 3170 216 3215 cum
237 3147 419 3213 Aristoteles
442 3147 552 3212 multas
572 3149 792 3231 generationes
819 3147 979 3212 Basiliden
1011 3155 1112 3212 aetate
1144 3151 1289 3210 anteces-

146 3259 235 3342 serit,
259 3273 432 3320 sermonem
456 3253 494 3316 de
517 3253 752 3336 homonymisin
767 3257 994 3338 categoriarum
1017 3254 1103 3319 libris
1123 3264 1288 3318 exsecutus

148 3372 211 3446 est,
234 3382 325 3446 quem
348 3361 377 3425 lui
400 3370 543 3445 tanquam
574 3363 729 3442 proprium
754 3363 904 3441 quendam
935 3369 966 3425 et
996 3380 1107 3426 novum
1138 3371 1169 3426 et
1195 3378 1288 3424 unum

147 3490 188 3535 ex
208 3470 353 3536 Matthiae
375 3468 560 3534 absconditis
581 3467 773 3533 sermonihus
797 3469 919 3533 iactant.

146 3696 243 3744 causet
259 3683 429 3742 Uhlhoruius
557 3687 602 3742 77.
622 3684 701 3762 οὐδὲ]
719 3685 805 3741 οὐδὲν
823 3681 845 3740 C
863 3681 893 3739 Μ
916 3682 1074 3741 Bunseuius
1188 3686 1233 3739 ts.
1258 3688 1291 3738 cd

146 3777 270 3855 δέχομαι]
295 3777 340 3833 Au
371 3778 419 3833 cia
443 3779 587 3851 ἐνδέχεται,
612 3778 687 3850 quod
713 3778 793 3832 etiam
818 3775 963 3848 Boeperus
989 3773 1130 3832 coniecit?
1244 3777 1290 3832 80.

146 3873 199 3943 dei]
217 3873 249 3938 δὴ
269 3868 290 3925 C
308 3868 338 3925 Μ
454 3870 543 3932 αὐτοῖς
561 3870 693 3945 ὀνόματα]
712 3869 801 3931 αὐτοῖς
819 3869 935 3943 ὀνόμασι
953 3885 1029 3942 susp.
1049 3867 1092 3924 M:
1112 3868 1144 3923 od
1162 3873 1216 3931 τοῖς
1230 3868 1291 3923 ὀνό-

145 3983 214 4039 μασι
232 3963 389 4019 Buuaeuiur
408 3960 589 4032 Beruaysium
615 3969 742 4016 secutus:
773 3963 838 4035 αὐτῇ
865 3963 940 4033 [ἄνευ
964 3961 1007 4014 rel
1028 3961 1125 4035 χωρὶς]
1150 3960 1290 4034 ὀνομάτων

146 4056 304 4129 Roeperus:
332 4052 476 4111 Sententia
494 4053 652 4108 desiderare
672 4053 780 4109 videtur
798 4057 825 4108 tx
843 4054 894 4108 τῶν
912 4053 998 4108 αὐτῶν
1016 4052 1154 4125 ὀνομάτων
1243 4053 1289 4106 81.

145 4147 177 4205 lu
196 4146 372 4222 ἐκλαμβάνειν
401 4155 548 4202 extremam
567 4146 685 4200 litteram
709 4146 803 4200 delere
823 4146 942 4201 voluisse
968 4143 1077 4199 ridetur
1101 4143 1239 4197 librarius.
1261 4141 1290 4196 Μ

144 4243 190 4299 82.
210 4236 402 4307 anancaeo
509 4240 555 4295 86.
577 4235 715 4315 πρότερος]
735 4239 838 4309 πρῶτος
856 4236 878 4293 C
895 4237 925 4293 Μ
944 4235 1101 4292 Buuseuiua
1180 4236 1225 4290 87.
1245 4235 1291 4287 acl

144 4333 205 4411 τῶν]
232 4336 260 4389 tx
284 4332 335 4387 rada
358 4330 515 4386 Buuaeuius
653 4332 699 4388 88.
735 4333 871 4402 mmetcv]
898 4335 1042 4388 Mareotae
1072 4327 1102 4384 Μ
1221 4346 1285 4398 κρυ-

144 4432 218 4500 φίων
234 4445 292 4480 τινα
306 4425 353 4479 ἕνα
372 4421 454 4499 omn]
473 4423 590 4495 κρὺφνόν
606 4443 664 4479 τινα
683 4425 782 4479 ledaco.
802 4420 837 4478 G:
862 4423 979 4495 κρῠφνόν
1001 4443 1059 4477 τινα
1084 4423 1192 4476 ἔννοιαν
1216 4420 1288 4476 dccc.

147 4521 220 4577 coni.
239 4516 281 4574 ht:
300 4521 425 4591 κρυφίων
443 4516 542 4572 iudana.
561 4514 719 4573 Buusauius
