3050 4988
640 300 788 358 MARCUS.
1235 289 1296 354 321

153 473 204 530 tur
235 467 329 550 igitur
359 474 391 529 et
417 465 468 528 hie
501 465 561 530 ltoe
593 484 689 548 opere
717 473 859 547 tanquam
891 467 1001 544 sponte
1025 480 1042 524 a
1066 479 1101 525 se
1123 462 1219 545 lucto,
1253 465 1303 527 illa

150 591 227 637 vero
259 573 445 658 ministrant,
481 591 549 635 oum
582 573 644 636 sint
678 573 863 636 imitamenta
896 587 1000 632 rerum
1037 571 1204 634 imitatione
1241 589 1342 639 nonts

151 699 385 764 expressarum,
414 680 610 764 cogitationis
634 680 747 744 matris.
806 678 843 742 Et
869 678 998 759 primum
1029 676 1153 758 quidem
1184 678 1303 743 caelum

150 788 231 852 latur
252 790 300 867 A,
324 790 451 852 alterum
475 794 576 851 autem
599 790 643 871 E,
675 788 794 850 tertium
826 793 929 849 autem
950 785 1001 868 H,
1024 795 1164 867 quartum
1193 793 1303 872 autem,

150 895 235 978 quod
259 902 306 960 est
329 896 461 959 medium
492 897 572 958 inter
595 901 730 977 septem,
761 895 782 954 1
811 892 931 956 litterae
968 899 1172 977 potestatem,
1209 896 1304 975 quin-

151 1021 214 1079 pum
236 1012 338 1067 autern
363 1005 407 1088 0,
436 1011 556 1067 sextum
585 1010 688 1066 autem
715 1000 759 1081 Y,
793 1001 955 1081 septimum
987 1007 1108 1084 autem,
1144 1001 1227 1083 quod
1258 1007 1305 1064 est

151 1117 291 1192 quartum
315 1129 332 1173 a
357 1109 478 1193 medio,
501 1110 541 1174 tt.
591 1109 827 1188 Potestatesque
856 1125 964 1172 omnes
992 1109 1024 1170 in
1052 1127 1146 1172 unum
1170 1110 1341 1191 compti-au

149 1223 237 1280 eatae
259 1225 372 1282 sonant
394 1223 425 1278 et
452 1215 626 1299 glorificant
649 1214 751 1298 illum,
785 1235 802 1278 a
829 1233 891 1296 quo
920 1215 1058 1296 prolatae
1081 1223 1170 1300 sunt,
1200 1215 1301 1300 glori-

149 1323 252 1387 ltcatio
277 1330 377 1387 autem
401 1339 551 1388 sonorum
572 1340 693 1386 sursum
717 1322 808 1385 missa
833 1329 881 1384 est
905 1321 943 1384 ad
958 1323 1170 1403 Propatorem.
1205 1323 1300 1387 Huius

150 1437 250 1494 autem
275 1430 508 1512 glorificationis
530 1446 641 1493 sonum
663 1430 695 1490 in
718 1434 831 1490 terram
855 1427 985 1491 delatum
1013 1431 1055 1492 ait
1076 1430 1215 1495 lictorem
1239 1451 1301 1494 ex·

149 1539 263 1602 stitisse
277 1546 309 1601 et
323 1539 498 1622 genitorem
520 1554 623 1599 rerum
647 1543 855 1616 terrenarum,
878 1535 1096 1600 documentum
1118 1545 1220 1601 autem
1244 1556 1300 1602 re-

148 1648 209 1727 peti
231 1664 248 1708 a
270 1663 382 1709 reeens
406 1646 484 1708 natis
507 1642 691 1727 infantibus,
721 1661 852 1725 quorum
882 1646 998 1728 anima,
1028 1645 1116 1710 simul
1146 1653 1239 1727 atque
1260 1665 1338 1716 exos

148 1760 238 1817 utero
263 1755 403 1836 emersit,
435 1750 588 1814 exclamat
619 1751 737 1832 pariter
762 1751 1004 1833 uniuscuiusque
1027 1751 1135 1816 horum
1159 1753 1300 1817 elemen-

148 1867 249 1923 torum
283 1877 403 1924 sonum.
456 1857 550 1923 Sicuti
583 1857 693 1939 igitur,
726 1857 840 1944 inquit,
876 1867 993 1940 septem
1030 1860 1101 1924 illae
1129 1866 1300 1942 potestates
1345 1885 1347 1888 ·

148 1966 323 2048 glorificant
352 1967 490 2050 Legum,
527 1967 570 2029 ita
604 1967 694 2028 etiam
725 1966 825 2028 anima
858 1967 889 2028 in
925 1966 1091 2031 infantibus
1126 1968 1298 2032 lacrimans.

149 2244 181 2299 et
202 2235 268 2318 ipse
289 2234 340 2298 laio
360 2233 422 2297 hoo
444 2251 541 2314 opere
571 2234 660 2316 quasi
687 2241 859 2316 spontanee
889 2231 926 2297 ab
954 2236 1021 2317 ipso
1050 2235 1148 2322 iacto,
1178 2237 1298 2320 reliqua

148 2362 224 2408 vero
247 2345 434 2420 ministrant,
468 2359 535 2404 eum
566 2343 626 2403 sint
652 2342 838 2407 imitationes
861 2342 1101 2424 inimitabilium,
1133 2343 1298 2429 enthyme-

147 2452 195 2515 sin
218 2451 331 2515 matris.
375 2449 414 2512 Et
435 2449 564 2530 primum
588 2448 710 2529 quidem
733 2448 853 2512 eaelum
877 2459 966 2514 sonat
994 2453 1042 2532 A,
1078 2451 1161 2536 quod
1195 2461 1297 2518 eutem

148 2567 196 2622 est
218 2557 391 2641 postillam
413 2559 458 2639 E,
481 2557 602 2620 tertium
626 2561 727 2620 eutem
752 2557 801 2640 H,
824 2563 963 2639 quartum
993 2576 1070 2621 vero
1103 2565 1135 2622 et
1164 2559 1296 2624 medium

147 2667 266 2729 numeri
296 2663 347 2726 Vll
382 2661 469 2727 lotae
497 2665 639 2726 virtutem
665 2669 807 2749 enarrat,
837 2667 973 2745 quintum
995 2683 1072 2729 vero
1104 2667 1146 2750 O,
1175 2669 1294 2731 'sextum

148 2781 249 2836 autem
278 2771 313 2856 Υ,
345 2772 505 2854 septimum
536 2778 637 2834 autem
670 2778 700 2832 et
728 2770 767 2833 lV
800 2788 818 2832 a
848 2771 951 2835 medio
974 2773 1004 2834 tt
1028 2773 1214 2838 elementum
1236 2795 1295 2838 en-

147 2880 274 2963 elamat,
300 2876 555 2960 quemadmodum
578 2877 674 2941 llarci
697 2878 788 2961 Sige,
817 2897 897 2960 quae
920 2879 1010 2943 multa
1033 2881 1157 2962 quidem
1181 2882 1294 2964 loqua-

148 2990 214 3051 cius
246 2986 444 3070 exsequitur,
483 2983 559 3046 nihil
591 2991 692 3047 autem
723 3003 829 3048 verum
859 2985 990 3068 loquens
1017 2987 1154 3052 affirmat.
1207 2991 1295 3064 Quae

146 3097 296 3178 virtutes,
332 3095 387 3178 ait,
422 3110 531 3156 omnes
565 3093 654 3156 simul
689 3092 720 3154 in
757 3093 889 3157 invicem
924 3093 1106 3178 complexae
1128 3105 1241 3161 sonant
1264 3103 1296 3159 et

147 3203 322 3288 glorificant
343 3201 441 3284 illum,
464 3219 481 3262 a
504 3217 566 3281 quo
588 3201 721 3264 emissae
744 3208 824 3264 sunt.
878 3202 982 3266 Gloria
1006 3211 1107 3267 autem
1134 3206 1203 3268 soni
1225 3207 1297 3269 mit·

146 3314 217 3375 titur
239 3313 269 3374 in
292 3310 502 3392 Propatorem.
547 3307 642 3371 lluius
663 3315 764 3371 autem
787 3307 1018 3389 glorificationis
1041 3330 1150 3375 sonum
1174 3314 1205 3374 in
1227 3320 1295 3376 ter-

146 3439 211 3484 ram
246 3418 379 3482 delatum
406 3418 448 3479 ait
477 3414 693 3496 plasmatorem
725 3415 837 3480 iactum
872 3425 903 3480 et
936 3425 1155 3502 generatorem
1188 3437 1294 3482 eorum

146 3547 227 3611 quae
247 3533 319 3590 sunt
340 3526 371 3588 in
394 3531 487 3588 terra.

231 3632 262 3697 8.
308 3631 526 3695 Ostensionem
554 3635 655 3692 autern
688 3627 779 3690 affert
801 3629 838 3691 ab
862 3631 917 3714 iis,
948 3633 999 3713 qui
1021 3651 1103 3697 nune
1126 3643 1294 3700 nascuntur

146 3743 326 3823 infantibus,
358 3756 488 3820 quorum
518 3736 634 3819 anima,
663 3735 752 3798 simul
784 3741 816 3798 ut
848 3735 887 3799 de
917 3737 1007 3802 vrrlva
1037 3759 1206 3824 progressa
1236 3749 1293 3827 est,

145 3849 298 3913 exclamat
335 3845 577 3924 uniuscuiusque
618 3841 762 3905 elementi
798 3841 879 3908 ltune
916 3863 1035 3910 sonum.
1098 3848 1183 3912 sicut
1214 3867 1291 3934 ergo

143 3964 261 4038 septem
284 3955 432 4028 virtutes,
462 3951 575 4032 inquit,
610 3948 783 4034 glorificant
815 3953 966 4037 Verbum,
997 3956 1043 4017 sio
1071 3960 1102 4017 et
1131 3958 1230 4019 anima
1261 3959 1291 4018 in

40 4131 49 4144 ,
143 4063 310 4128 infantibus
331 4062 457 4143 plorans
481 4064 512 4122 et
533 4057 683 4140 plangens
706 4057 840 4122 Marcum
864 4059 1015 4142 glorificat
1038 4082 1118 4127 eum.
1163 4065 1293 4146 Propter
1328 4051 1333 4068 ’

1305 4147 1313 4179 l

144 4289 271 4348 Scottus:
290 4290 336 4346 καὶ
355 4291 370 4346 ὃ
387 4291 469 4363 μέσος
487 4284 553 4343 CM
668 4287 712 4341 76.
732 4288 777 4340 77.
795 4286 823 4340 rd
841 4283 884 4365 od]
903 4289 929 4342 τὸ
945 4291 987 4344 δῦ
1005 4287 1040 4346 G:
1060 4291 1087 4344 td
1105 4289 1126 4344 ἶ
1142 4287 1173 4344 Μ
1243 4292 1289 4346 82.
1327 4356 1335 4370 ⁶

143 4385 190 4451 τὴν
207 4385 248 4454 dd]
267 4381 322 4440 reia
339 4381 410 4440 ddG
532 4382 578 4438 83.
607 4375 811 4453 γενωμὲνωνί]
902 4382 947 4438 85.
967 4383 1057 4436 τοῦτον
1074 4383 1118 4436 τὸν
1135 4376 1201 4453 ἦχον
1218 4377 1241 4438 C
1260 4383 1290 4439 M

143 4479 173 4531 al
193 4475 245 4528 edd
273 4472 303 4529 dd

958 4576 998 4642 21
