3052 4984
615 313 864 375 utcutsntttu.
1245 313 1309 382 469

163 465 333 562 contestor,
373 485 468 567 paeri
481 505 544 548 non
574 483 705 566 amplias
737 484 877 566 peccabo
910 505 1008 569 nepae
1043 484 1226 550 adulterato
1254 505 1313 550 nec

160 587 296 666 furabor
331 611 429 676 neque
468 594 613 656 iniuriam
648 591 766 671 faciam
808 610 907 675 neque
945 594 1184 658 circumveniam
1214 613 1313 676 nepae

163 697 267 760 celiam
288 698 408 763 nabebo
428 721 526 783 nepae
549 709 738 764 contemnam
764 719 863 783 meque
891 701 964 764 ullis
992 703 1102 784 monis
1125 678 1310 766 delectabor.

163 805 248 868 llaec
269 808 365 889 ipimr
386 809 492 872 dicens
513 810 703 892 immerpitor
724 827 792 872 cum
814 815 878 872 toto
906 827 963 872 suc
985 811 1098 874 uestitu
1126 810 1158 872 in
1189 810 1347 874 nominem

162 917 268 998 mapns'
289 925 321 980 ct
340 918 482 982 altissimi
505 917 564 983 o'ei.

252 1037 301 1106 16.
348 1041 414 1106 Alie
437 1049 538 1106 autern
559 1043 687 1124 plurima
708 1041 828 1127 ineptit,
851 1040 962 1105 eudem
990 1027 1081 1106 'etiarn
1110 1038 1149 1103 ed
1179 1038 1312 1124 plrtlrisi-

163 1165 218 1213 aas
241 1150 358 1212 centuri
379 1150 590 1234 praecipiens,
627 1156 658 1214 et
690 1150 829 1234 immergi
860 1149 980 1234 frigidis
1010 1151 1098 1232 equis
1125 1148 1312 1232 quadragies

162 1274 219 1338 par
247 1265 365 1340 raptem
397 1257 463 1323 dies
501 1258 700 1324 consimiliter
729 1258 819 1322 etium
850 1256 1077 1323 daemoniacas.
1134 1255 1312 1338 Osepien·

162 1366 233 1428 tiam
276 1364 484 1430 inimitabilem
533 1375 564 1430 et
604 1367 827 1430 incantationes
871 1365 986 1430 viribus
1025 1363 1171 1428 refertasl
1237 1364 1347 1439 Quiese

163 1489 225 1535 nan
249 1474 450 1556 obstupescet
478 1473 509 1537 in
538 1473 590 1538 tali
618 1479 765 1555 tantaque
794 1473 825 1537 vi
847 1472 1038 1538 verborum?
1082 1471 1144 1538 Sed
1167 1473 1309 1556 quonium

162 1587 194 1644 et
215 1580 404 1664 astrologico
429 1598 537 1645 errare
559 1597 616 1645 eas
638 1599 714 1645 usas
736 1597 807 1646 esse
835 1581 983 1667 diximus,
1005 1600 1045 1645 ex
1066 1580 1139 1662 ipsis
1163 1579 1311 1644 ostente-

130 1705 138 1720 “
163 1705 247 1766 mus;
270 1688 312 1751 eil
334 1687 414 1751 enim
438 1689 468 1752 in
491 1689 573 1752 hunc
596 1686 734 1753 madum:
768 1688 849 1752 Sunt
877 1690 985 1753 etettae
1012 1690 1114 1752 malae
1135 1688 1310 1770 irnpietotis,

161 1795 228 1859 Hac
249 1795 313 1858 iam
333 1793 422 1860 uobis
443 1796 637 1874 dictumest,
670 1794 717 1876 pii
739 1804 771 1860 et
790 1796 952 1879 discipali:
982 1795 1096 1861 Cavete
1118 1813 1138 1858 a
1156 1801 1310 1878 potestate

160 1903 294 1982 dierum,
327 1903 435 1986 quibus
456 1903 616 1985 inperium
637 1909 759 1982 tenent,
793 1905 1031 1988 nepaaimitiam
1050 1902 1149 1984 tecue
1183 1910 1347 1984 operumto

162 2007 416 2086 emansorem,
439 2027 538 2090 neque
558 2008 729 2090 inemerpite
749 2010 850 2073 oimsm
870 2011 923 2074 oei
941 2011 1098 2074 mulierem
1119 2007 1227 2072 cutm
1243 2021 1325 2090 po-·

161 2114 281 2179 testatis
306 2133 430 2194 eorum,
460 2115 584 2198 quomedo
612 2115 688 2178 lona
718 2133 774 2180 eas
808 2118 922 2182 manent
952 2125 984 2180 et
1009 2117 1210 2199 conprerlitur
1242 2134 1310 2180 cssss

161 2224 211 2288 iis.
254 2225 359 2306 Ipsum
380 2223 462 2288 diem
485 2231 611 2307 cooete,
644 2223 743 2288 donec
763 2224 923 2307 eprcslitar
944 2225 985 2288 ab
1013 2225 1071 2306 iis,
1100 2231 1221 2289 ettam
1246 2222 1309 2308 inp-

161 2334 289 2415 merpite
310 2340 342 2395 et
362 2333 504 2396 inchoate
525 2333 726 2416 madoreque
746 2332 868 2397 initium
890 2351 1015 2415 operum
1036 2341 1216 2398 uestrorum,
1238 2331 1308 2396 Ari-

161 2440 221 2504 lnrc
241 2448 341 2504 asten
362 2440 443 2504 etiern
463 2437 587 2503 sabbati
607 2439 770 2523 honorate,
793 2441 938 2524 quoniam
966 2449 1014 2506 est
1041 2441 1108 2505 dies
1136 2459 1215 2504 saus
1236 2486 1244 2504 .
1267 2485 1275 2504 .
1299 2457 1348 2512 ,u

163 2591 298 2613 .....
326 2546 434 2610 Verum
455 2548 548 2610 etiam
570 2545 652 2609 dmm
674 2548 795 2610 tertism
821 2547 1023 2612 hebdomadis
1051 2555 1160 2630 caoete
1180 2567 1221 2610 ne
1241 2547 1308 2612 ini-

163 2656 238 2718 tium
263 2653 410 2735 faciatis,
446 2657 590 2737 quoniam
623 2673 732 2718 rursus
767 2657 899 2738 conpletis
931 2655 1029 2720 tribus
1058 2657 1150 2720 omnm
1181 2655 1309 2720 nasot

163 2763 326 2847 Caesaris,
352 2770 556 2846 posteaquam
577 2763 709 2826 Portlos
730 2781 806 2826 suae
824 2765 972 2848 potestati
992 2763 1140 2843 mbiecit,
1170 2761 1223 2828 aar
1244 2769 1308 2827 tres
1344 2827 1350 2844 „

163 2873 238 2936 anni
262 2873 379 2953 eopteti
402 2879 488 2951 sunt,
525 2872 704 2936 ecasdmcit
732 2871 844 2936 beilum
879 2873 960 2936 inter
987 2871 1118 2956 repetes
1144 2872 1309 2953 impietatis

162 2981 331 3063 cpaiionir:
351 2988 519 3062 propterea
538 2978 761 3064 perturbantur
781 2981 885 3044 amnia
905 2998 1005 3064 repna
1027 2981 1204 3064 impietatis.
1315 2995 1345 3046 ta

251 3104 301 3169 17.
345 3103 429 3168 lluec
451 3105 545 3187 igitur
567 3121 677 3186 magna
693 3121 870 3186 arcensque
891 3106 1119 3188 mysteriorum
1142 3102 1307 3172 absurdum

163 3219 249 3296 putet
270 3211 447 3277 conculcari
469 3213 520 3277 vel
543 3213 642 3278 multis
665 3212 753 3294 tradi,
778 3211 938 3277 consilium
952 3213 1003 3277 dut
1018 3219 1207 3296 ultanquam
1221 3231 1308 3278 mar·

163 3321 282 3405 peritae
304 3321 460 3404 pretiosae
480 3319 691 3386 custodiantur
710 3319 756 3384 liis
768 3319 886 3384 verbis:
910 3320 999 3384 lione
1013 3329 1113 3384 autem
1125 3319 1236 3384 Ιίὸνααι
1248 3338 1308 3384 no·

163 3547 269 3617 nanim]
286 3545 373 3612 nasim
390 3540 413 3599 C
431 3540 461 3598 Μ
592 3543 637 3599 63.
657 3539 882 3616 διαπαρεὺεαααῦ
1007 3540 1045 3620 tt]
1065 3543 1138 3605 risit?
1262 3544 1307 3600 66.

163 3638 233 3711 neiop
246 3634 325 3713 ἀρχῇ]
345 3637 426 3692 πᾶσιν
444 3635 547 3709 ἀρχὴνῖ
714 3637 759 3694 68.
778 3639 806 3700 ἐξ
824 3632 920 3712 cissis]
939 3632 1103 3691 Litterarum
1119 3639 1147 3700 ἐξ
1165 3635 1201 3692 αὖ
1218 3636 1308 3692 resti-

163 3731 204 3802 gin
225 3738 328 3785 tantum
348 3737 505 3801 supersunt.
530 3727 573 3784 M:
593 3729 752 3800 supplicas?
775 3731 896 3794 ticonius
918 3727 1025 3784 uisuri
1187 3732 1231 3786 69.
1257 3751 1309 3802 φν-

162 3824 288 3878 Mortale
314 3824 352 3896 μὴ
369 3820 559 3900 κατάρχεσθαι]
587 3824 673 3886 πύλας
697 3827 804 3879 lmairm
827 3824 865 3896 μὴ
892 3821 1094 3896 αατάρχααθαῦ
1263 3827 1307 3880 61.

163 3916 287 3978 ὑπέταξεν
311 3917 405 3970 laurei
427 3917 456 3990 τῇ
478 3919 584 3991 ttaooip
608 3917 822 3990 rebellioriem
846 3914 1008 3989 Raeperus,
1038 3918 1085 3992 qul
1104 3917 1197 3984 addit,
1226 3919 1306 3974 tertia

163 4020 226 4084 port
244 4010 383 4064 subiectos
401 4007 518 4065 Psrthas
539 4029 610 4066 suaa
631 4011 686 4067 lata
706 4011 866 4068 defunctum
894 4029 955 4068 cese
974 4009 1135 4079 Trsiunurm
1163 4022 1306 4088 motusque

163 4105 190 4160 in
210 4105 324 4160 orientis
343 4105 503 4176 regionibus
522 4115 597 4161 ortas
616 4103 788 4162 Esdrisuum
808 4106 908 4162 cedere
928 4107 1069 4179 provincia
1085 4107 1225 4178 coegisse:
1244 4107 1307 4163 ini-

136 4247 140 4260 ,
161 4202 219 4263 mels
237 4203 265 4254 is
282 4199 327 4254 sai
344 4199 386 4266 τῆς
403 4201 523 4262 ἔξουσίας
539 4200 586 4255 rai
601 4200 718 4276 Πάρθου
736 4198 776 4257 C:
804 4201 928 4264 ὑπέταξαν
953 4201 1027 4256 ieron
1052 4202 1109 4272 [net
1126 4199 1246 4279 maimo]
1264 4203 1308 4270 τῆς

161 4293 340 4358 lenocineris
358 4293 475 4366 Πάρθον
500 4311 575 4367 susp.
596 4293 631 4359 Μ
775 4298 818 4354 62.
849 4293 890 4352 iss
904 4325 938 4338 -·
954 4297 995 4364 tn
1020 4295 1087 4352 lcrt.
1112 4295 1249 4366 glossams
1270 4297 1305 4354 stl

162 4387 244 4442 verbs
264 4403 335 4461 quse
355 4387 526 4459 prsecesluut
544 4388 593 4443 liu.
613 4391 658 4444 60.
774 4386 965 4464 ἇγγρὶζεαααῦ
1086 4390 1130 4446 66.
1151 4387 1257 4446 Vacuus
1273 4391 1303 4448 ssi

161 4482 266 4560 psysiia
291 4481 383 4539 tenuis
410 4490 474 4538 eunt
499 4483 528 4538 in
553 4479 575 4538 C
603 4482 726 4556 vestigis.
754 4482 784 4540 tt
892 4485 935 4540 66.
955 4483 999 4540 67.
1019 4480 1062 4538 cl.
1080 4480 1178 4541 Mettis.
1196 4486 1222 4551 t,
1241 4489 1267 4542 6.
