3052 4984
476 367 713 428 bertoendus,
737 367 1049 439 obtutubwttnrd.
1113 417 1116 424 .
1170 415 1175 422 .
1214 449 1217 457 Ι
1274 359 1337 426 435

186 551 271 617 qnae
295 535 365 618 lat,
388 553 451 600 non
474 541 575 600 autem
598 543 703 600 tetam.
755 535 886 617 Semper
910 535 991 600 enim
1014 533 1209 600 turbulenter
1231 538 1261 596 et
1284 533 1336 594 in-

188 641 315 706 condite
338 649 450 706 motam
472 661 539 706 eam
563 643 737 726 composuit
763 638 822 704 bac
850 641 987 704 ratione:
1021 643 1118 706 instar
1148 639 1228 705 ollae
1264 639 1376 723 ignctt

185 750 328 813 subiecto
351 747 549 814 ebullientem
572 767 638 812 esm
658 767 726 812 cum
741 748 871 830 videret,
893 747 993 811 divisit
1018 752 1176 830 exparte,
1199 751 1229 809 et
1256 744 1337 810 aliud

187 875 230 920 cx
252 863 317 920 toto
340 865 491 939 sumptum
516 855 642 939 domuit,
666 854 748 923 aliud
771 855 929 920 incondite
953 855 1071 919 moseri
1092 855 1177 938 sivit,
1200 858 1232 916 et
1255 852 1336 934 quod

187 962 332 1028 domitum
356 971 419 1049 est,
444 964 505 1028 boc
527 981 598 1027 esse
621 963 765 1026 mundum
788 965 839 1047 ait,
862 961 942 1026 aliud
966 969 1065 1026 autem
1089 963 1187 1026 ferum
1210 977 1336 1024 manere

189 1079 221 1136 et
242 1075 398 1137 materiam
422 1070 567 1155 appellari
590 1070 787 1134 inconditam.
839 1069 926 1133 Hanc
948 1068 1147 1134 substantiam
1170 1086 1241 1132 esse
1263 1067 1336 1130 uni·

186 1197 347 1246 versorum
371 1179 453 1264 dicit,
477 1180 564 1261 quasi
589 1196 701 1242 novum
725 1178 831 1242 terens
854 1176 967 1262 dogma
991 1177 1146 1260 discipulis
1169 1176 1250 1254 suis;
1272 1181 1373 1240 nonno

190 1292 290 1350 nutem
313 1287 469 1370 cogitabat
490 1288 680 1353 Socraticam
705 1285 783 1350 banc
806 1303 877 1350 esse
900 1277 1048 1368 tabulam,
1077 1303 1094 1348 a
1117 1283 1243 1347 l’lstone
1266 1299 1336 1346 me·

184 1391 244 1456 lius
278 1413 368 1477 qoam
399 1393 437 1457 ab
468 1395 665 1479 Hermogene
697 1392 860 1458 excultam.
920 1391 1069 1455 Christum
1107 1398 1208 1454 autem
1242 1388 1335 1452 lilium

187 1517 259 1566 csse
290 1501 405 1566 fatetur
433 1499 504 1585 dei,
541 1504 593 1584 qui
616 1503 792 1566 universum
815 1503 985 1587 creaverit,
1014 1518 1146 1581 eumque
1171 1517 1189 1562 e
1213 1497 1333 1580 virgine

185 1617 286 1672 natum
317 1625 388 1674 esse
418 1616 448 1673 et
477 1611 585 1692 spiritu
618 1611 783 1674 confitetur
812 1609 981 1676 secundum
1016 1607 1245 1692 evangeliorum
1271 1623 1332 1669 vo·

184 1735 267 1794 cem;
291 1736 400 1803 quem,
428 1725 590 1801 postquam
613 1736 724 1801 passus
746 1719 801 1802 sit,
829 1719 1040 1810 resusoilotum
1063 1717 1093 1779 in
1117 1731 1250 1796 corpore
1273 1717 1369 1794 ap-tt

183 1827 323 1906 paruisse
347 1825 502 1910 discipulis
526 1831 556 1888 et
578 1827 608 1888 in
632 1824 740 1889 coelos
762 1832 971 1890 revertentem
995 1823 1025 1887 in
1049 1821 1118 1887 sole
1140 1841 1254 1906 corpus
1276 1839 1331 1884 re·

181 1931 324 2018 liquisse,
347 1934 445 2015 ipsum
467 1951 543 1997 vero
567 1934 604 1997 ad
628 1940 746 2017 petrem
768 1934 957 2017 migravisse.
1009 1929 1196 1994 Testimonio
1223 1936 1323 1993 autern

180 2041 273 2104 utitur
296 2040 448 2105 arbitrans
470 2041 595 2106 delendi
618 2061 653 2106 se
676 2059 732 2124 per
754 2041 895 2125 silatum,
930 2038 1013 2123 qnod
1043 2040 1197 2122 psalmista
1227 2037 1324 2101 David

182 2145 270 2214 dicit:
308 2150 346 2213 ln
374 2151 441 2214 sole
468 2153 574 2234 posuit
610 2149 842 2214 tubernaculum
879 2168 984 2227 mum,
1020 2157 1051 2212 et
1079 2151 1145 2231 ipsc
1182 2155 1328 2230 tuaquom

179 2275 309 2338 sponsas
338 2261 512 2340 procedens
547 2259 587 2322 de
622 2259 757 2322 tdolomo
791 2277 865 2342 suo,
904 2255 1058 2321 exultabit
1093 2266 1128 2320 ut
1163 2258 1257 2340 piper
1287 2257 1366 2320 odto

180 2367 365 2430 comendam
387 2368 478 2431 ciam.
530 2367 615 2430 llaec
646 2368 739 2450 igitur
772 2373 804 2428 et
832 2367 1046 2450 Hermogenes
1078 2363 1330 2449 aggrediebatur.

270 2469 319 2538 18.
364 2473 424 2538 Alii
445 2481 546 2537 autem
578 2474 700 2557 quidam
734 2481 842 2536 natura
876 2471 1022 2557 litigiosi,
1051 2474 1178 2536 scientia
1202 2469 1328 2556 indocti,

181 2578 316 2643 moribus
355 2583 562 2662 pugnaciores
599 2580 755 2645 declarant
789 2589 936 2663 oportere
975 2579 1089 2661 poscba
1126 2578 1176 2643 die
1220 2587 1328 2661 quarta

182 2688 301 2752 decimo
327 2689 415 2770 primi
439 2691 553 2754 mensis
577 2688 738 2752 observari
768 2687 935 2752 secundum
968 2688 1047 2770 legis
1079 2687 1263 2772 institutum,
1296 2687 1327 2751 in

179 2815 395 2879 quamcunque
428 2799 508 2862 diem
537 2798 591 2882 (se.
623 2795 833 2878 hebdomadis)
865 2795 1023 2878 inciderit,
1053 2796 1255 2877 suspicientes
1286 2793 1364 2882 id‚te

179 2903 262 2986 quod
285 2907 430 2987 scriptum
461 2911 509 2970 est
541 2907 572 2968 in
604 2905 694 2989 lege,
730 2903 922 2967 meledictum
955 2902 1024 2966 lore
1057 2921 1146 2988 eum,
1180 2904 1232 2985 qui
1264 2921 1328 2967 non

178 3013 220 3075 ita
251 3011 471 3077 observaturus
507 3013 561 3098 sit,
591 3019 623 3075 ut
651 3013 848 3096 praecipitur,
882 3029 944 3075 uon
982 3012 1180 3076 attendentes
1217 3010 1256 3076 ad
1286 3011 1326 3096 id,

179 3119 262 3202 quod
287 3121 338 3182 lex
360 3121 527 3184 constituta
551 3125 598 3184 est
619 3119 743 3183 ludaeis
766 3136 871 3182 verum
893 3117 1008 3201 pascbn
1032 3118 1216 3202 sublaturis,
1243 3119 1325 3201 quod

179 3225 216 3290 nd
240 3237 351 3308 gentes
374 3230 494 3292 transiit
516 3235 547 3292 et
570 3229 630 3291 tide
652 3225 849 3310 intelligitur,
881 3244 942 3291 non
972 3226 1069 3288 littera
1103 3244 1187 3290 nunc
1210 3227 1326 3292 obser-

177 3341 282 3399 vatur:
316 3337 368 3417 qui
401 3336 439 3399 od
473 3335 531 3398 boc
563 3355 656 3398 unum
689 3337 883 3399 attendentes
912 3343 1110 3417 praeceptum
1134 3353 1196 3398 non
1220 3337 1361 3417 respi-eu

176 3443 327 3526 eluelid,
351 3441 433 3524 quod
459 3445 641 3507 dictumest
668 3443 706 3506 ab
736 3445 893 3525 apostolo:
918 3443 1076 3524 Testificor
1103 3445 1185 3506 omni
1211 3443 1326 3506 bomini

176 3549 407 3611 circumdemur·
427 3566 475 3629 se,
511 3551 653 3631 quonium
681 3546 802 3612 debitor
828 3555 876 3611 est
899 3550 1065 3614 unicmoe
1094 3550 1172 3630 legis
1198 3548 1322 3626 tocien-

177 3655 244 3717 doe.
288 3653 322 3717 ln
344 3654 471 3737 reliquis
496 3663 596 3719 nutem
620 3655 649 3718 bi
674 3635 840 3719 concinunt
864 3675 931 3718 cum
950 3657 1101 3740 omnibus,
1120 3675 1201 3739 quae
1216 3658 1325 3722 cccle-

175 3763 241 3824 siae
262 3761 299 3824 ab
322 3764 470 3843 apostolis
492 3765 602 3828 tradita
624 3771 703 3826 sunt.

177 3896 229 3952 boc
249 3897 349 3963 luisse,
368 3916 424 3953 non
442 3899 486 3965 τό,
505 3917 590 3973 quere
608 3917 669 3954 mox
687 3901 824 3973 γεγένηται
842 3895 1016 3953 scribendum
1140 3899 1185 3956 43.
1207 3918 1323 3974 συνομο-

175 3991 260 4062 loyai]
278 3990 330 4064 μὲν
350 3989 477 4064 ὁμολογεῖ
495 3989 518 4048 (2
660 3994 705 4049 44.
725 3989 882 4069 πεφηνέναι]
901 3993 1048 4062 nouaclum
1064 3989 1093 4050 G·
1211 3995 1256 4049 45.
1276 3996 1321 4050 46.

175 4080 397 4160 ambientem]
411 4081 654 4140 καταλιλυπέναιί)
762 4087 806 4141 47.
822 4081 927 4161 χρῆται]
935 4085 1035 4158 χρᾶπιι
1051 4082 1114 4143 CM
1204 4086 1320 4142 48-50.

174 4173 272 4232 Psalmo.
297 4177 338 4242 18,
358 4178 383 4232 5.
404 4179 431 4232 6.
581 4178 627 4233 5³.
646 4177 840 4248 σννιπᾶνουω]
859 4173 1066 4234 συσταίνονσιῦ
1177 4179 1222 4233 55.
1252 4178 1321 4250 ipo·

173 4269 301 4343 ρώμενοι]
320 4269 505 4343 dpopodptaroa
522 4265 544 4324 C
659 4271 701 4326 56.
720 4271 809 4345 νόμῳ]
824 4270 901 4344 νόμῳ
910 4312 919 4337 ,
939 4271 976 4333 nic
993 4268 1061 4326 CM.
1083 4268 1210 4325 Correxit
1224 4269 1319 4344 Saup-

173 4361 244 4432 pius.
360 4363 406 4417 57.
425 4357 565 4432 ὥς]οωῦ
673 4364 718 4418 59.
733 4360 872 4440 χωρῆσαν]
888 4360 1318 4436 χωρήσανΰιχωρῆσονιυψ.Μ

173 4453 288 4509 61-63.
315 4451 377 4509 Gal.
403 4457 436 4520 5,
459 4455 489 4509 3:
514 4453 695 4528 Mcpro'poprns
720 4457 749 4510 dt
771 4457 854 4510 noller
876 4457 972 4527 (πάλιν
994 4455 1030 4511 al.
1058 4457 1128 4526 om.)
1156 4458 1235 4512 nourr*
1265 4457 1320 4513 ἇν-

167 4549 270 4621 spone
294 4551 522 4622 περιτεμνομένῳ,
552 4545 590 4602 ὅτι
614 4547 746 4619 ὀφειλέτης
762 4549 831 4604 ἐστὶν
848 4546 912 4602 tter
929 4549 973 4602 τὸν
991 4549 1080 4621 νόμον
1103 4551 1220 4618 ποιῆσαι.

968 4647 1030 4711 28“
