3052 4984
526 337 779 398 ChllPOCllthlC
816 335 1015 396 cantaturis
1304 332 1367 399 405

218 503 302 566 etin
325 501 406 566 hunc
429 500 549 567 modum
572 520 680 569 omncs
703 502 851 568 salvatam
878 503 914 566 iri
937 504 1064 568 animas.
1116 502 1274 577 Quaedam
1306 521 1407 570 ιιι-ιι

215 618 294 691 tem,
321 589 555 692 praevertentes
579 613 609 674 in
631 629 691 674 ana
715 613 890 692 praesentia
919 610 1034 692 repleri
1057 609 1199 672 omnihus
1221 613 1367 696 peccatis,

217 733 281 778 non
303 717 361 779 iam
391 723 701 801 transcorporantur,
731 717 786 781 sed
817 718 919 781 omnia
949 715 1038 779 simul
1065 715 1233 781 reddentes
1264 718 1366 781 dehita

215 823 445 906 liberabuntur,
468 826 581 887 utiam
605 842 668 889 non
690 826 721 888 in
745 844 877 909 corpora
900 829 1068 886 transeant.
1113 822 1227 886 llorum
1243 822 1365 905 quidam

217 931 457 994 attaminarunt
480 931 647 1013 discipulos
671 933 798 995 sunsin
823 931 1000 1013 posteriore
1029 935 1118 1010 parte
1149 928 1278 993 dextrae
1304 947 1365 993 au-

216 1036 343 1101 riculae.
387 1037 425 1100 Et
447 1038 598 1123 imagines
624 1038 716 1104 etiam
740 1037 907 1104 coniiciunt
929 1035 1050 1121 Christi,
1073 1035 1213 1100 dicentes
1235 1036 1404 1101 aPilatoto

217 1143 270 1208 illo
293 1151 433 1228 tempore
455 1145 553 1210 iactas
576 1163 658 1210 esse.

303 1247 355 1316 33.
400 1250 563 1314 Corinthus
584 1259 684 1317 autern
709 1247 845 1334 quidam,
867 1249 935 1333 ipse
956 1246 1181 1331 Aegyptiorum
1205 1242 1362 1328 disciplina

216 1355 370 1440 excultus,
394 1355 517 1423 dicebat
538 1377 601 1422 non
625 1377 641 1423 a
667 1358 764 1440 primo
790 1357 850 1422 deo
873 1358 985 1420 tactum
1014 1372 1086 1419 esse
1114 1352 1277 1432 mnndum,
1308 1351 1363 1417 sed

216 1478 233 1523 a
256 1463 368 1527 virtute
389 1465 540 1549 quadam,
571 1483 651 1547 quaa
673 1473 817 1547 separata
840 1465 878 1526 sit
901 1462 938 1526 ah
962 1481 1000 1526 ea
1023 1468 1194 1544 potestate,
1224 1461 1365 1541 quaesit

214 1573 448 1655 superomnia,
472 1573 657 1656 ignoretque
687 1571 796 1655 deum,
829 1571 882 1652 qui
911 1572 950 1635 sit
979 1568 1211 1653 superomnia.
1262 1568 1400 1634 lesumsa

215 1683 316 1740 autern
342 1679 446 1741 statuit
468 1698 530 1743 non
554 1698 595 1742 ex
617 1679 738 1763 virgine
767 1687 868 1741 natum
900 1695 992 1762 esse,
1026 1685 1128 1740 natum
1157 1683 1259 1740 autem
1291 1691 1362 1739 csse

215 1800 285 1846 eum
309 1803 350 1848 ex
371 1785 502 1868 losepho
526 1793 556 1848 et
578 1786 675 1850 illaria
698 1785 790 1849 lilium
813 1784 1014 1852 consimiliter
1041 1784 1167 1866 reliquis
1188 1782 1361 1847 hominihus

215 1890 374 1975 omnihus,
409 1894 631 1976 iustioremque
669 1893 809 1957 extitisse
847 1899 878 1956 et
917 1891 1146 1973 sapientiorem.
1212 1889 1250 1954 Et
1291 1899 1362 1972 post

214 1995 396 2081 baptismum
433 1999 597 2064 devenisse
625 2001 655 2064 in
687 2019 755 2063 eum
793 1999 830 2062 ah
864 2016 900 2062 ee
932 1999 1172 2083 principalitate,
1200 2015 1281 2080 quaa
1313 2004 1361 2060 eat

213 2121 307 2186 super
330 2107 450 2189 omnia,
473 2106 623 2172 Christum
647 2106 678 2169 in
701 2107 798 2189 ligura
822 2105 1001 2190 columbae,
1025 2113 1058 2169 et
1079 2111 1141 2168 tum
1164 2104 1397 2169 nunciaviasato

213 2211 402 2297 incognitum
422 2221 539 2297 patrem
563 2221 594 2278 et
614 2216 743 2279 virtutes
765 2213 953 2297 perfecisse,
975 2214 1031 2277 suh
1053 2212 1142 2276 linem
1166 2220 1265 2276 autem
1278 2229 1359 2274 avo-

211 2319 293 2384 lasse
316 2321 466 2386 Christum
490 2343 508 2387 a
530 2323 617 2407 lesu,
649 2323 811 2404 lesumqua
836 2337 957 2402 passum
980 2337 1052 2384 esse
1080 2325 1111 2384 et
1137 2321 1359 2403 resurrexisse,

213 2427 364 2492 Christum
399 2438 501 2495 autern
538 2450 556 2494 a
588 2430 733 2515 patiendo
764 2427 893 2493 liberum
921 2427 1146 2513 permansisse,
1175 2445 1242 2490 curn
1274 2433 1360 2490 esset

211 2534 386 2616 spiritualis.

300 2725 381 2790 iren.
403 2745 431 2788 c.
453 2725 541 2790 lacer.
571 2723 593 2808 l,
623 2722 729 2809 26,1.
773 2724 811 2789 Et
842 2723 1004 2790 Cerinthus
1038 2729 1139 2789 autem
1171 2722 1293 2805 quidam
1326 2723 1357 2786 in

211 2835 283 2898 Asia
306 2851 369 2898 non
393 2852 410 2896 a
432 2833 530 2915 primo
555 2832 615 2896 deo
638 2832 750 2895 lactum
774 2849 846 2895 csse
868 2831 1013 2896 mundum
1037 2830 1158 2915 docuit,
1180 2831 1236 2895 sed
1260 2831 1359 2895 arir-

211 2947 275 3005 tuta
298 2940 429 3023 quadarn
464 2938 553 3003 valde
583 2947 725 3020 separata
755 2949 786 3004 et
818 2939 951 3003 distante
984 2941 1021 3004 ah
1055 2957 1091 3002 ea
1123 2937 1357 3022 principalitate,

209 3067 290 3130 quae
323 3054 371 3111 cst
400 3065 493 3129 saper
522 3047 684 3128 universa,
715 3054 745 3110 et
775 3047 940 3132 ignorante
977 3066 1063 3131 euru,
1096 3044 1148 3126 qui
1181 3050 1228 3108 est
1262 3061 1357 3124 super

209 3154 311 3218 omnia
344 3153 444 3218 deum.
494 3152 592 3216 lesum
625 3159 727 3216 autem
761 3153 894 3218 subiecit
931 3171 993 3217 non
1027 3171 1066 3216 ex
1099 3153 1218 3236 virgine
1253 3159 1354 3214 natum

207 3259 406 3344 (impossihile
430 3261 511 3322 enirn
535 3258 596 3324 hoc
619 3260 649 3322 ei
673 3259 771 3322 visum
795 3257 868 3344 est),
895 3257 991 3322 luisse
1022 3268 1124 3325 autem
1148 3277 1219 3322 eum
1241 3257 1352 3339 loseph

208 3376 239 3432 et
260 3366 374 3431 llariaa
397 3365 508 3448 tilium,
538 3367 675 3432 similiter
705 3375 738 3430 ut
768 3366 880 3448 reliqui
908 3385 1015 3431 omnes
1044 3364 1201 3448 homines,
1232 3373 1264 3428 et
1286 3366 1353 3446 plus

206 3476 344 3556 potuisse
371 3474 483 3537 iustitia
512 3483 543 3537 ot
571 3475 733 3556 prudentia
766 3482 797 3538 et
829 3474 977 3556 sapientia
1011 3475 1048 3536 ah
1078 3474 1263 3540 hominihus.
1317 3473 1353 3537 Et

205 3588 273 3663 post
296 3580 476 3661 baptismum
500 3579 702 3644 descendisse
725 3581 756 3642 in
780 3599 850 3644 eum
873 3579 911 3643 ah
934 3599 971 3643 ea
1002 3580 1239 3663 principalitate,
1272 3597 1352 3660 quae

206 3693 254 3751 est
276 3704 370 3769 saper
392 3688 510 3770 omnia,
534 3687 685 3751 Christum
712 3687 812 3771 ligura
842 3689 1021 3772 columbae,
1054 3695 1086 3752 et
1118 3687 1198 3752 hune
1227 3705 1351 3752 annun-

205 3795 305 3857 ciaase
328 3793 519 3877 incognitum
542 3800 658 3876 patrem
683 3803 715 3859 et
735 3795 865 3858 virtutes
891 3793 1077 3879 perfecisse,
1112 3796 1144 3858 in
1166 3795 1227 3858 line
1247 3801 1349 3859 autera

202 3899 362 3964 revolasse
385 3901 494 3964 iterum
519 3899 668 3965 Christum
702 3901 742 3965 de
762 3902 848 3986 lesu,
877 3911 906 3966 et
935 3902 1035 3967 lesum
1061 3919 1184 3985 passum
1217 3921 1288 3968 esse
1320 3909 1351 3967 et

202 4009 427 4092 resurrexisse,
458 4005 611 4072 Christum
638 4015 740 4074 autem
770 4003 988 4092 impassibilem
1021 4027 1244 4094 perseverasse
1275 4010 1348 4074 exi-

202 4123 331 4180 stentem
354 4115 552 4198 spiritualem.

202 4319 225 4380 C
243 4321 273 4380 Μ
404 4325 449 4382 46.
477 4321 516 4404 la]
533 4323 579 4380 adr
597 4319 619 4381 C
637 4321 679 4380 ah
705 4323 751 4380 riv
769 4325 798 4380 lx
815 4321 849 4382 R.
869 4322 982 4382 Scottus
1131 4326 1176 4382 47.
1202 4324 1348 4405 ἄγνωστον]

198 4416 318 4490 γνωστὸν
336 4413 359 4473 C
377 4413 407 4474 Μ
520 4418 566 4474 48.
585 4417 744 4488 handuns]
762 4417 906 4488 ἆνιοωῆσαι
925 4415 948 4474 C
968 4416 996 4472 M
1110 4420 1156 4474 49.
1171 4417 1265 4490 Ἰησοῦ]
1282 4425 1349 4492 Χρι-

199 4510 261 4565 orori
279 4505 301 4566 C
318 4506 348 4566 hi
516 4511 563 4568 5⁰.
579 4507 768 4588 πνιιιμαιικόν]
787 4510 915 4585 πατρικὸν
933 4507 956 4566 G
973 4508 1004 4567 Μ
