3056 4970
231 271 294 336 242
338 269 555 356 (μισειει.)
640 275 737 334 um
758 277 803 350 τι,
827 279 876 336 ιε.
903 279 951 336 ιι.

226 449 376 524 προνοεῖν
397 441 450 524 τῆς
471 437 620 518 συζόγου,
642 439 698 525 τῆν
720 439 757 504 δὲ
776 445 836 528 γῆν
860 438 1079 522 ὑποδέχεσθαι
1100 439 1187 506 κάτω
1209 441 1281 517 τσός
1300 441 1370 506 άπδ

226 547 282 607 τοῦ
303 542 445 631 οδρανσῦ
466 545 595 629 νοεροός
621 550 900 635 καταφερομένους
918 551 955 637 νῆ
976 552 1016 639 γῆ
1039 558 1194 629 συγγενεῐς
1215 547 1370 636 καρπσός.

191 652 290 713 Mad
311 654 418 727 τοῦτο,
449 654 562 736 φησέν,
591 649 788 736 ἀποβλέπων
816 653 972 730 πολλάκις
1000 654 1017 718 6
1042 654 1136 735 λόγος
1163 655 1246 740 πρός
1271 656 1311 720 τό
1333 656 1368 722 ἐκ

226 756 301 832 νοδς
332 762 387 820 καλ
412 758 558 834 ἐπινοίας
578 753 802 846 γεγεννημένα,
832 763 986 826 τουτέστιν
1006 761 1042 838 ἐξ
1063 760 1205 848 οόρανοό
1227 767 1281 826 καὶ
1300 765 1367 848 γῆς,

227 860 329 942 λέγει·
367 863 522 941 Ἄκουε,
552 863 717 952 οδρανέ,
747 872 816 931 καλ
835 866 1045 945 ἐνωτλζου,
1067 872 1127 953 γῆ,
1150 867 1209 932 ότι
1230 867 1371 955 κόριος

226 968 441 1055 ἐλάλησεν·
478 967 597 1048 mog
618 957 817 1060 ἐγέννησα
844 979 912 1037 καλ
933 974 1095 1062 όψωσα,
1124 973 1242 1039 αδτσλ
1264 975 1307 1040 δέ
1326 999 1370 1059 με

225 1075 434 1163 ῆδέτησαν.
484 1077 520 1144 ‘0
552 1079 588 1144 δέ
615 1080 717 1160 λέγων
747 1085 865 1158 ταῦτα,
902 1083 1013 1166 φησέν,
1046 1080 1210 1168 ῆόβδόμη
1232 1081 1368 1165 δόναμις

188 1182 316 1261 όθέστέν,
341 1183 358 1248 6
380 1182 485 1261 ἐστεός,
509 1186 592 1263 στάς,
613 1188 814 1272 σοησόμενος·
846 1185 941 1262 αότδς
961 1187 1023 1274 γάρ
1046 1190 1145 1264 αἴτιος
1166 1189 1283 1253 τρόπον
1305 1191 1368 1253 τόν

225 1291 352 1369 καλόν,
386 1286 432 1356 όν
458 1291 591 1382 ἐπῄνεσε
619 1297 742 1379 Μωσῆς
762 1297 817 1358 καὶ
837 1294 907 1358 εἷπε
928 1293 1012 1387 quw
1035 1293 1118 1358 λέαν.
1157 1293 1201 1359 Ἢ
1216 1295 1252 1360 δὲ
1274 1296 1367 1380 φωνῆ

223 1401 279 1461 καὶ
300 1401 334 1462 τό
350 1400 469 1483 ὄνομα,
499 1398 589 1485 ῆλιος
617 1405 670 1464 καὶ
702 1401 825 1486 σελῆνη.
862 1400 899 1465 ‘0
922 1400 960 1465 δέ
981 1400 1129 1485 λογισμός
1150 1406 1205 1467 καλ
1225 1401 1244 1488 ῆ
1265 1402 1369 1467 ἐνδό-

223 1523 330 1591 μησις,
359 1505 421 1592 α’ῆρ
448 1511 502 1570 καλ
529 1506 628 1592 όδωρ.
675 1506 726 1573 Ἐν
755 1507 791 1572 δὲ
820 1507 940 1584 τσότοις
961 1507 1084 1574 ἅπασιν
1104 1508 1289 1593 ἐμμέμικται
1311 1514 1387 1582 καλ,

224 1616 382 1700 κέκραται,
406 1613 449 1688 ὡς
470 1614 561 1699 ἔφην,
582 1613 603 1700 ῆ
624 1614 745 1700 μεγάλη
767 1614 903 1698 δόναμις
923 1614 943 1701 ῆ
966 1614 1154 1702 ἀπέραντος,
1178 1615 1196 1680 6
1217 1615 1323 1692 ἐστιός.

184 1729 216 1779 σε
313 1721 361 1785 14.
416 1724 562 1795 Μωσέως
592 1719 650 1785 σόν
682 1721 856 1808 ελρηκότσς·
892 1722 955 1800 Ἓξ
981 1721 1154 1814 ῆμέραις
1182 1721 1223 1788 ἐν
1254 1722 1318 1798 αλς
1348 1721 1367 1787 ό

224 1826 317 1900 θεός
344 1825 348 1912 Ι
377 1826 546 1912 ἐποίησε
567 1826 636 1891 τόν
658 1826 839 1911 οόρανδν
859 1831 929 1892 καλ
948 1830 1015 1913 τῆν
1035 1832 1124 1914 γῆν,
1152 1833 1220 1892 καλ
1241 1834 1283 1920 τῆ
1304 1826 1368 1910 δβ-

224 1929 322 2020 όόμη
345 1937 594 1997 κατέπαυσεν
615 1931 698 1998 όπδ
723 1934 887 1999 πάντων
908 1937 980 1998 τόν
1002 1935 1124 2022 ἔργων
1143 1933 1281 2013 αὐτοῦ,
1311 1936 1366 1999 τόν

221 2038 388 2123 εἰρημένον
420 2038 540 2122 τρόπον
563 2042 829 2126 μετοικονσμῆσας
867 2039 885 2105 6
915 2044 1025 2123 Σλμων
1060 2039 1175 2107 ἑαυτόν
1204 2044 1362 2107 δεοποιετ.

215 2143 312 2209 Ὅταν
333 2143 391 2210 σόν
412 2145 564 2225 λέγωσιν,
599 2147 646 2210 ότι
671 2149 732 2211 ελσλ
752 2158 832 2233 τρεῖς
854 2146 968 2232 ἡμέραι
990 2146 1054 2232 πρό
1076 2147 1166 2233 ῆλέοο
1188 2152 1242 2211 καὶ
1270 2147 1362 2233 σελῆ-

185 2267 276 2336 Ιιονης
295 2257 513 2338 γεγενημέναι,
543 2253 738 2318 αλνλσσσνται
759 2257 838 2317 νοῦν
860 2257 914 2316 καλ
935 2252 1101 2330 ἐπίνοιαν,
1128 2257 1283 2318 τουτέστιν
1303 2251 1362 2320 σιλ-

221 2360 322 2444 ρανόν
343 2365 398 2424 καὶ
418 2365 486 2447 γῆν,
509 2365 564 2424 καλ
584 2361 639 2445 τῆν
659 2359 799 2444 ἑβδόμην
821 2358 959 2442 δύναμιν
979 2359 1034 2445 τῆν
1055 2358 1246 2444 α’πέραντον.
1290 2355 1362 2424 Λό-

219 2489 271 2530 ται
291 2469 354 2552 γάρ
376 2465 411 2530 αἱ
439 2477 520 2554 τρετς
540 2465 691 2550 δυνάμεις
712 2466 773 2529 ελσὶ
793 2467 856 2552 πρό
879 2468 993 2529 πασιόν
1013 2470 1076 2530 τῶν
1098 2465 1208 2550 άλλριν
1228 2465 1361 2550 γενόμε-

219 2593 285 2638 ναι.
322 2567 419 2638 'va'
450 2573 487 2638 δέ
513 2573 639 2654 λέγωσι·
673 2575 760 2660 Πρδ
781 2571 939 2637 πάντων
964 2576 1039 2636 τῶν
1060 2573 1217 2638 αλολνων
1236 2575 1361 2654 γεννᾷ

218 2704 278 2763 με,
298 2687 370 2768 περὶ
390 2685 443 2767 τῆς
463 2680 609 2766 ἑβδόμης,
632 2683 721 2766 φησλ,
743 2678 908 2761 δυνάμεως
929 2679 967 2742 νδ
988 2683 1118 2744 τοιαῦτα
1135 2679 1256 2760 λέγεται
1265 2680 1358 2744 εῖναι.

181 2786 351 2874 ῚῡῈβδόμη
380 2788 417 2852 δὲ
443 2788 522 2873 αὕτη
548 2786 703 2870 δόναμις,
734 2785 799 2872 ῆας
826 2783 866 2871 ῆν
893 2783 1030 2868 δόναμις
1052 2785 1241 2874 ὑπάρχουσα
1262 2786 1299 2851 ἐν
1318 2810 1355 2877 τη

218 2891 388 2982 άπεράντῳ
411 2894 554 2977 δυνάμει,
577 2892 643 2979 ῆτις
663 2894 771 2971 γέγονε
793 2891 857 2978 πρὸ
879 2891 1010 2956 πάντων
1034 2895 1097 2956 τόν
1118 2892 1257 2970 αλιόνων,
1280 2893 1359 2977 αὕτη

218 3001 295 3078 ἐστέ,
329 3005 443 3087 φησέν,
472 2999 491 3087 ῆ
513 2999 632 3085 ἑβδόμη
649 2998 805 3082 ’δόναμις,
834 3002 906 3084 περὶ
933 2993 970 3083 ῆς
992 2997 1074 3077 λέγει
1096 3003 1237 3086 Μωσῆς·
1279 3004 1361 3064 Καὶ

218 3109 378 3189 πνεῦμα
399 3108 507 3170 θεοῦ
527 3106 750 3192 ἐπεφέρετο
772 3105 913 3170 ἐπάνω
935 3107 1003 3168 τσό
1022 3102 1188 3178 όόατος·
1210 3106 1356 3180 τουτέστι,

218 3215 311 3298 φησέ,
340 3212 375 3276 τό
396 3215 524 3296 πνεῦμα
546 3214 580 3277 τό
601 3212 708 3276 πάντα
730 3211 803 3294 ἔχον
822 3211 859 3276 ἐν
880 3209 992 3299 ἐαυτῷ,
1022 3209 1116 3274 εέκόν
1136 3214 1190 3297 τῆς
1211 3209 1359 3294 ολπεράν-

180 3332 271 3382 εοτου
293 3316 467 3401 δυνάμεως,
489 3321 561 3404 περὶ
582 3313 619 3404 ῆς
641 3317 660 3382 6
682 3321 792 3401 Σίμων
807 3316 905 3397 λέγει·
937 3316 1063 3381 Bucar
1083 3316 1124 3394 ἐξ
1146 3315 1361 3404 ἀφθάρτου

216 3429 383 3510 μορφῆς,
407 3428 615 3507 κοσμοῦσα
635 3424 739 3510 μόνη
759 3422 903 3489 πάντα.
946 3423 1035 3507 Αότη
1050 3423 1113 3507 γὰρ
1134 3421 1315 3508 ῆδόναμις,
1339 3422 1358 3509 ῆ

216 3530 431 3618 ἐπιφερομένη
446 3529 558 3595 ἐπόνει
580 3533 635 3596 τοό
656 3529 772 3606 όδατος
791 3529 827 3607 ἐξ
849 3527 1037 3616 ἀφθάρτου,
1061 3531 1148 3614 φησλ,
1169 3531 1357 3615 γεγενημένη

215 3641 343 3722 μορφῆς
371 3647 483 3720 κοσμεῖ
507 3635 590 3724 μόνη
617 3636 734 3702 πάντα.
787 3634 942 3720 Τοιαότης
964 3631 1024 3698 σόν
1054 3635 1140 3710 τινός
1171 3639 1225 3699 καὶ
1246 3657 1357 3721 παρα-

215 3741 349 3828 πλησέου
380 3748 433 3831 τῆς
466 3748 658 3831 κατασκευῆς
690 3746 746 3808 τοῦ
782 3743 901 3824 κόσμου
931 3743 1102 3826 γενομένης
1133 3739 1210 3828 παρ’
1240 3740 1358 3819 αὐτοῖς,

177 3848 350 3927 θσέπλασε,
380 3855 490 3936 φησίν,
514 3851 532 3916 6
555 3851 635 3927 θεός
655 3853 710 3916 τόν
740 3851 922 3933 ἄνθρωπον
954 3851 1033 3928 χοόν
1054 3845 1122 3912 όπδ
1143 3852 1196 3934 τῆς
1217 3852 1274 3934 γῆς
1297 3848 1358 3912 λα-

213 3953 297 4040 βιόν·
325 3956 444 4021 ἔπλασε
474 3957 509 4021 δέ
531 3954 595 4038 ,οδχ
627 3955 774 4032 ἁπλοῦν,
807 3953 893 4019 dm
915 3953 1053 4019 διπλοῦν
1075 3951 1148 4018 κατ’
1168 3952 1279 4018 ελκόνα
1300 3958 1355 4019 καὶ

283 4129 326 4184 53.
345 4123 541 4202 όπσόόχεταιῦ
659 4127 704 4182 56.
734 4128 871 4188 λπιννολας
896 4123 918 4182 C
1032 4127 1165 4196 57-59.
1188 4124 1246 4181 «λετ.
1274 4128 1304 4192 1,
1331 4128 1358 4184 ².

211 4221 255 4274 60.
282 4219 380 4274 όεσιε
398 4219 477 4281 ἱστός
494 4234 539 4272 σοι
559 4212 580 4271 C
603 4213 633 4271 M
754 4217 798 4270 61.
827 4212 870 4269 Cf.
892 4216 903 4268 1
924 4213 996 4270 Μοε.
1019 4217 1041 4281 1,
1063 4217 1095 4270 31
1218 4217 1349 4273 65-67.

212 4305 317 4362 λΜοε.
335 4310 368 4374 2,
392 4309 474 4362 ἳναὲ
491 4294 650 4362 συνετέλεσεν
668 4304 682 4359 ό
701 4305 764 4366 θεὸς
782 4307 810 4356 ἐν
828 4304 857 4377 τῇ
874 4303 959 4376 ἡμέρη
977 4305 1006 4376 τῆ
1023 4303 1081 4377 λκτη
1099 4303 1129 4358 τὰ
1147 4308 1214 4376 ἔργα
1228 4304 1316 4370 αὐτοῦ,
1334 4310 1359 4362 ό·

210 4397 326 4461 λπσλησε,
350 4397 395 4449 καλ
412 4398 555 4450 κατέπαυσε
573 4395 602 4469 νῆ
620 4395 705 4467 ἡμέρη
723 4393 752 4467 τῆ
769 4392 870 4465 ἑβδόμη
889 4391 943 4446 ἀπὸ
960 4391 1067 4446 πάντων
1086 4393 1137 4446 τόν
1155 4395 1243 4466 λργοιν
1260 4393 1349 4458 αὐτοῦ,
