3050 4988
636 325 782 382 uauous
1215 317 1278 385 317

128 489 178 553 illa
202 490 293 571 (qnae
315 490 382 570 ipsa
407 488 480 552 dicit
503 505 574 552 esse
596 497 751 553 ternarum
775 493 804 553 in
830 490 1048 572 coniugatione
1079 494 1272 572 potestatum,
1288 509 1318 561 aa

128 613 209 676 quae
238 600 309 658 sunt
336 611 412 678 sex,
447 593 530 657 unde
573 605 752 659 emanarunt
790 597 897 677 viginti
931 603 1075 676 quattuor
1103 591 1276 677 elementa]

128 700 360 783 quadruplicata
399 701 560 765 inellabilis
597 702 811 783 quaternionis
845 711 989 784 computo
1020 701 1152 764 eundem
1186 709 1276 782 atque

128 810 179 873 illa
203 827 362 873 numerum
384 809 520 890 iaciunt,
548 827 629 891 quae
657 827 727 873 esse
751 811 793 872 ait
818 809 1010 872 lnnominati.
1062 809 1149 872 Ferri
1176 815 1277 872 autem

128 917 179 981 illa
203 936 221 981 a
241 935 298 982 sex
319 917 522 999 potestatibus
546 917 576 979 in
600 916 825 980 similitudinem
849 916 1025 998 Invisibilis,
1054 934 1184 998 quorum
1208 916 1278 980 ele-

129 1030 301 1089 mentorum
333 1025 484 1108 imagines
518 1025 685 1108 imaginum
720 1041 778 1088 sex
813 1024 950 1106 duplices
984 1025 1100 1087 litteras
1134 1025 1316 1106 existerem

131 1151 210 1214 quae
234 1131 452 1196 adnumeratae
474 1132 582 1211 uiginti
604 1138 748 1212 quattuor
778 1131 937 1195 elementis
962 1149 1002 1194 ex
1023 1137 1176 1212 potestate
1199 1148 1278 1192 ana-

131 1241 202 1324 loga
226 1258 384 1304 numerum
406 1239 603 1303 tricenarium
628 1237 775 1303 eltioiunt.

216 1345 268 1411 tr.
313 1348 408 1411 liuius
432 1347 565 1427 eomputi
588 1344 741 1427 huiusque
765 1344 1001 1427 dispensationis
1029 1344 1160 1408 lruotum
1184 1346 1276 1408 sitin

131 1453 326 1518 similitudine
349 1454 490 1538 imaginis
509 1453 688 1534 apparuisse
709 1450 810 1532 illum,
839 1452 889 1532 qui
919 1459 987 1531 post
1009 1471 1067 1516 sex
1089 1452 1157 1516 dies
1179 1471 1276 1535 quar-

131 1568 179 1625 tus
203 1562 268 1642 ipse
292 1560 466 1624 ascenderit
487 1561 517 1622 in
542 1565 675 1621 montem
699 1566 731 1621 et
752 1557 851 1620 laetus
873 1559 913 1623 sit
929 1566 1046 1642 sextus,
1069 1559 1121 1640 qui
1140 1558 1315 1628 descen-so

131 1665 209 1730 derit
233 1675 264 1729 et
286 1667 428 1730 detentus
450 1667 542 1730 sitin
567 1662 781 1746 hebdomade,
803 1682 871 1727 oum
895 1672 980 1728 esset
1002 1665 1131 1750 insignis
1156 1663 1276 1750 ogdoas

132 1781 162 1837 et
193 1775 223 1836 in
256 1792 290 1837 se
326 1773 457 1837 baberet
489 1775 667 1837 universum
708 1790 867 1836 numerum
906 1773 1146 1853 elementorum,
1185 1790 1275 1854 quem

133 1880 389 1963 manifestaverit,
413 1899 481 1944 oum
505 1880 543 1944 ad
565 1879 746 1962 baptismum
770 1881 927 1964 venisset,
956 1877 1117 1944 columbae
1140 1879 1278 1942 deseen-

131 2005 200 2066 sus,
235 1989 378 2070 quaesit
407 1989 436 2050 ὦ
463 1996 493 2052 et
522 1989 558 2070 ἆ,
589 2005 646 2068 per
673 2005 843 2068 numerum,
866 1986 919 2068 qui
942 1984 1113 2050 ostenditur
1144 1983 1222 2068 801,
1247 1992 1278 2049 et
1317 2033 1320 2040 a

131 2102 294 2177 propterea
323 2095 441 2160 blosem
468 2093 574 2158 dicere
602 2095 634 2158 in
663 2100 753 2158 sexto
784 2092 833 2157 die
864 2092 1018 2157 bominem
1050 2092 1161 2156 lactum
1194 2108 1316 2160 essese

132 2200 171 2263 Et
193 2201 452 2283 dispensationem
475 2219 551 2264 vero
575 2201 726 2282 passionis
748 2203 778 2262 in
801 2206 892 2263 sexto
917 2200 980 2283 die,
1010 2217 1090 2281 quae
1113 2207 1160 2262 est
1182 2218 1277 2280 para-

132 2391 217 2452 tione
239 2390 381 2452 uirtutum
412 2389 559 2472 existere,
593 2406 672 2469 quae
693 2388 770 2452 liunt
791 2406 863 2471 sex,
897 2407 937 2451 ex
969 2387 1078 2470 quibus
1107 2405 1277 2450 emanave-

133 2502 204 2558 runt
234 2497 341 2578 viginti
370 2503 514 2577 quattuor
543 2495 672 2580 litterae)
702 2494 921 2577 quadripertita
952 2493 1166 2557 inenarrabilis
1194 2512 1276 2575 qua-

133 2601 314 2666 temationis
343 2604 463 2666 ratione
503 2600 634 2665 eundem
668 2619 827 2666 numerum
866 2602 997 2684 iaciunt,
1034 2617 1113 2682 quae
1152 2599 1275 2680 quidem

134 2707 206 2772 dicit
227 2708 320 2793 illius,
343 2710 396 2791 qui
419 2717 467 2772 est
488 2707 727 2795 innominabilis,
758 2709 903 2773 existere.
956 2707 1044 2771 lndui
1072 2713 1173 2770 autern
1197 2724 1235 2772 ea
1259 2725 1276 2769 a

133 2815 227 2879 tribus
259 2816 421 2880 uirtutibus
453 2817 484 2878 in
525 2814 751 2879 similitudinem
790 2816 885 2898 illius,
923 2816 974 2896 qui
1009 2821 1057 2877 est
1098 2814 1275 2877 invisibilis:

133 2938 263 3002 quorum
286 2921 508 2986 elementorum
532 2921 684 3006 imagines
704 2923 869 3005 imaginum
893 2939 964 2986 esse
994 2938 1064 3006 eas,
1097 2939 1177 3003 quae
1207 2931 1278 2987 sunt

134 3028 216 3110 apud
238 3046 295 3091 nos
326 3027 463 3111 duplices
492 3029 628 3114 litterae,
658 3047 736 3111 quas
767 3048 835 3093 oum
867 3031 974 3114 viginti
1000 3039 1145 3112 quattuor
1170 3031 1277 3096 litteris

134 3132 383 3218 adnumerantes,
416 3139 528 3200 virtute
554 3156 633 3220 quae
662 3143 708 3200 est
736 3135 905 3200 seeundum
932 3138 1120 3225 analogiam,
1154 3140 1276 3224 triginta

133 3239 248 3303 laoiunt
270 3258 439 3306 numerum.

220 3347 250 3411 6.
296 3349 392 3412 liuius
413 3350 541 3413 rationis
564 3356 594 3412 et
616 3348 827 3431 dispositionis
850 3349 980 3413 lruotum
1010 3350 1084 3416 dicit
1108 3353 1139 3415 in
1170 3353 1279 3418 simili-

133 3455 269 3518 tudinem
300 3456 442 3540 imaginis
472 3457 651 3538 apparuisse
684 3455 786 3539 illum,
822 3458 873 3537 qui
903 3462 972 3538 post
993 3457 1031 3520 Vl
1058 3457 1124 3522 dies
1152 3467 1278 3541 quartus

132 3561 271 3625 ascendit
300 3563 331 3624 in
362 3570 514 3646 montem,
552 3570 583 3625 et
613 3562 711 3627 lactus
743 3571 790 3627 est
817 3574 939 3648 sextus,
974 3564 1026 3646 qui
1057 3563 1218 3630 deseendit
1247 3576 1279 3632 et

133 3669 274 3733 detentus
298 3671 398 3734 estin
421 3669 633 3754 hebdomade,
667 3688 735 3734 oum
764 3680 850 3736 esset
879 3671 1009 3755 insignis
1040 3674 1214 3758 octonatio,
1247 3683 1279 3739 et

132 3775 261 3840 baberet
288 3775 319 3839 in
348 3795 383 3842 se
417 3795 539 3841 omnem
573 3778 794 3842 elementorum
825 3797 998 3863 numerum,
1026 3798 1115 3862 quem
1146 3782 1278 3846 manile-

130 3885 237 3967 stavit,
266 3886 424 3967 cumipse
453 3887 587 3950 venisset
617 3887 654 3950 ad
683 3887 880 3969 baptismum,
914 3885 1076 3951 columbae
1105 3888 1278 3973 desoansio,

131 4008 211 4073 quae
246 3999 292 4054 est
324 3993 354 4053 Ω
380 3997 411 4054 et
432 3992 482 4069 A,-
515 4008 662 4054 numerus
692 3993 771 4054 enim
794 3991 889 4072 ipsius
918 4011 1010 4056 unum
1038 4001 1068 4058 et
1094 3994 1217 4080 DCCC,
1248 4001 1279 4058 et

130 4105 258 4178 proptor
280 4096 341 4162 boe
367 4097 477 4162 blesen
508 4101 540 4161 in
570 4106 658 4162 sexta
685 4098 735 4162 die
767 4099 883 4164 dixisse
905 4098 1060 4164 hominem
1083 4099 1205 4166 laetum.
1241 4103 1279 4164 Et

131 4201 361 4283 dispositionem
386 4211 486 4268 autem
510 4204 540 4266 in
564 4211 651 4268 sexta
676 4203 736 4290 die,
760 4222 841 4287 quae
864 4213 911 4270 est
932 4207 962 4268 in
986 4224 1085 4271 coena
1107 4226 1192 4291 pura,
1214 4224 1277 4268 no-

133 4402 179 4455 42.
199 4402 243 4458 43.
263 4401 380 4476 δυνάμει
395 4398 434 4478 τῇ]
453 4401 573 4474 δύναμιν
589 4400 673 4469 οῆνΟ
788 4403 834 4456 44.
854 4398 1020 4476 οἰκονομίας]
1045 4401 1191 4472 ἀναλογίας
1209 4397 1231 4454 C
1248 4399 1278 4458 Μ

132 4495 177 4548 45.
197 4495 242 4550 46.
262 4491 305 4549 ct.
323 4492 422 4551 blattis.
444 4495 486 4560 17,
507 4495 519 4550 l
541 4512 600 4568 sqq.
637 4493 723 4551 blare.
743 4495 872 4567 9,2aqq.
989 4495 1032 4548 bt).
1052 4487 1279 4570 adaequauit]
