3052 4984
582 335 836 398 GARPOGRATES.
1214 328 1275 396 401

129 490 251 578 busque
281 497 440 564 liberatam
475 519 583 576 rursus
612 502 793 568 ascendisse
824 500 862 566 ad
894 519 978 586 eum,
998 500 1177 583 pariterque
1209 511 1317 564 eames

131 607 281 691 unimam,
316 625 397 688 quae
421 609 505 691 paria
539 611 597 691 ipsi
619 610 863 691 amplecteretur.
912 608 983 672 lesu
1014 617 1115 674 autem
1147 610 1277 674 unimam

131 711 236 776 dieunt
259 714 392 799 exlege
415 717 613 782 exercitatam
636 717 667 779 in
689 716 819 781 Iudaicis
849 718 992 780 institutis
1014 715 1195 798 despexisse
1218 717 1279 801 illa,

131 829 162 889 et
184 829 310 905 propter
332 822 393 888 hoo
414 831 586 907 potestates
610 826 790 910 accepisse,
812 841 869 907 per
890 842 967 906 quas
991 821 1179 887 destruxerit
1203 841 1280 906 pas-

131 929 256 1013 siones,
293 949 374 1011 quae
410 930 447 996 ad
481 929 655 1014 puniendos
686 931 825 995 homines
855 936 1050 1012 comparatae
1083 931 1154 996 sint.
1205 929 1279 992 Eum

131 1033 224 1120 igitur
247 1031 394 1122 animam,
417 1057 497 1121 quae
520 1039 658 1104 similiter
680 1045 773 1120 atque
796 1037 906 1102 Christi
929 1039 1029 1102 anima
1052 1039 1149 1120 possit
1172 1036 1301 1118 despi-t

131 1161 204 1206 cere
227 1145 437 1211 mnndiiabros
462 1147 647 1230 archontes,
684 1146 821 1211 similiter
849 1147 993 1228 accipere
1028 1153 1213 1228 potestatem
1243 1143 1279 1209 ad

132 1251 292 1316 efficienda
316 1253 434 1318 similia.
491 1253 593 1328 Quare
624 1255 714 1318 etiarn
744 1273 783 1319 ec
815 1254 979 1336 superbiae
1008 1253 1219 1337 devenerunt,
1248 1260 1282 1318 ut

134 1358 210 1423 alios
239 1379 331 1443 pares
361 1363 420 1444 ipsi
450 1379 520 1426 esse
549 1361 618 1426 iesu
646 1363 768 1446 dicant,
803 1361 881 1427 alios
911 1369 1011 1426 autem
1044 1362 1093 1424 vel
1122 1361 1213 1425 etium
1242 1359 1280 1423 ab

134 1469 233 1550 aliqua
258 1475 345 1551 parte
365 1471 558 1551 potentiores
581 1468 748 1554 quosdam,
772 1470 887 1552 quique
919 1469 1009 1533 etiam
1040 1470 1304 1550 praestantioreso

134 1575 194 1639 sint
215 1575 294 1640 illius
319 1575 489 1660 discipulis,
512 1577 604 1640 veluti
625 1576 715 1640 Petro
738 1583 769 1639 et
791 1576 885 1640 Paulo
916 1584 947 1640 et
975 1575 1102 1658 reliquis
1125 1574 1281 1657 apostolis,

134 1681 192 1746 hos
215 1690 317 1748 autem
341 1702 359 1747 a
381 1683 464 1747 nulla
486 1689 573 1765 purte
595 1681 760 1747 iniericres
790 1699 861 1746 esse
889 1683 970 1748 iesu.
1023 1682 1151 1748 Animas
1179 1690 1280 1746 autern

136 1917 319 1982 ascenderet
342 1915 381 1981 ad
404 1935 491 2001 eum,
513 1923 546 1980 et
574 1935 646 2000 eas,
678 1935 759 1999 quae
789 1914 926 1982 similiter
957 1917 987 1981 ei
1014 1914 1282 2000 amplecterentur,

135 2107 282 2176 similiter.
326 2107 399 2178 lesu
419 2117 519 2178 autem
543 2109 645 2177 dicunt
668 2106 798 2174 animam
831 2109 862 2173 in
894 2108 1080 2175 ludueomrn
1111 2115 1283 2172 consuetu-

134 2295 207 2364 dine
242 2300 385 2366 nutritam
415 2299 640 2384 contempsisse
674 2315 731 2364 ecs
765 2304 795 2362 et
830 2304 958 2383 propter
986 2297 1047 2363 hoc
1074 2299 1203 2363 uirtutes
1227 2314 1283 2362 ac·

137 2493 275 2578 cepisse,
299 2510 355 2575 per
377 2509 454 2576 quas
476 2494 637 2558 evacuavit
657 2510 738 2575 quae
760 2489 886 2557 inerunt
913 2492 944 2555 in
967 2492 1079 2576 poenis
1101 2491 1279 2573 passiones,

138 2706 218 2769 quac
240 2689 361 2753 inerant
383 2687 565 2752 hominibus.

226 2905 256 2972 2.
300 2905 374 2970 Earn
396 2906 503 2992 igitur,
525 2923 606 2989 quae
627 2903 766 2969 similiter
787 2911 881 2986 atque
903 2904 952 2968 illa
983 2903 1052 2970 lesu
1083 2905 1180 2970 anima
1208 2910 1283 2988 pot-

136 3101 184 3159 est
205 3102 408 3159 contemnere
429 3093 530 3159 mundi
553 3094 755 3159 fabricatores
777 3092 959 3179 archontas,
980 3092 1118 3158 similiter
1139 3093 1283 3174 accipere

136 3289 264 3354 virtutes
285 3290 323 3354 ad
347 3289 539 3374 operandum
561 3288 678 3355 similia.
723 3288 919 3371 Quapropter
949 3295 978 3352 et
1008 3288 1045 3351 ad
1074 3293 1190 3353 tuntum
1213 3288 1283 3352 ela-

136 3483 228 3548 tionis
261 3486 401 3566 prorecti
434 3493 519 3567 sunt,
551 3489 586 3547 ut
621 3483 743 3566 quidam
775 3481 897 3564 quidem
928 3480 1042 3546 similes
1077 3499 1149 3547 sese
1182 3480 1285 3546 dicant

134 3676 224 3761 lesu,
247 3677 370 3761 quidam
393 3683 493 3741 autern
517 3675 618 3740 adhuc
640 3682 672 3740 et
701 3673 872 3738 seeundum
902 3674 1015 3757 aliquid
1044 3674 1096 3739 illo
1126 3676 1283 3764 fortiores,

136 3870 188 3950 qui
210 3873 280 3932 sunt
302 3866 449 3931 distantes
472 3867 600 3949 amplius
624 3884 714 3947 quarn
741 3863 822 3928 illius
844 3862 997 3948 discipuli,
1027 3872 1061 3929 ut
1089 3871 1161 3948 puta
1192 3883 1282 3949 quam

137 4061 244 4123 Petrus
267 4066 299 4122 et
320 4058 429 4121 Paulus
458 4063 489 4121 et
515 4057 624 4140 reliqui
654 4056 801 4140 apostoli,
832 4055 890 4120 hos
923 4063 1021 4119 autem
1049 4057 1080 4121 in
1108 4059 1190 4124 nullo
1222 4059 1283 4124 de-

135 4304 195 4368 mis
212 4301 235 4360 G
253 4301 283 4360 Μ
426 4300 548 4380 ὁμοίους]
577 4303 679 4376 ὁμοίως
708 4299 731 4359 G
886 4303 929 4358 to.
958 4301 1005 4357 xci
1028 4304 1064 4358 lm
1085 4304 1152 4359 arrd
1174 4304 1208 4374 m]
1236 4305 1284 4360 trel

136 4398 170 4450 ln
194 4391 265 4450 CM
430 4394 625 4467 δυνατωτέρους
648 4393 734 4459 τινάς,
761 4392 837 4455 ὄντας
864 4389 904 4470 δὲ]
931 4391 1133 4466 δυνατωτέρους,
1156 4394 1228 4456 τινὰς
1254 4395 1283 4450 dt

136 4482 158 4542 C
176 4481 207 4540 Μ
378 4484 419 4538 12.
442 4483 537 4558 prndio]
554 4485 658 4558 perdire
675 4479 698 4539 C
715 4481 745 4540 Μ

953 4581 994 4646 26
