3006 4976
553 314 867 376 nsnnorflttosornt.
1057 351 1063 358 -
1228 311 1289 377 12³

146 481 208 544 den
238 481 355 564 extitit,
390 487 422 544 et
449 482 537 544 sionti
566 481 735 562 plenturum
766 481 856 544 Genio
886 479 971 543 eidus
993 481 1025 542 in
1049 488 1190 544 ereetum
1216 499 1288 544 sese

147 587 291 669 exhibet,
328 589 369 650 ite
398 589 429 650 nn
452 587 635 652 coelestibus
655 588 781 669 pientio,
815 589 931 672 inquit,
961 587 1155 672 hominibus,
1188 587 1329 672 tegeno

148 693 276 774 Propter
297 692 378 756 hene
399 693 494 776 igitur
516 711 639 758 oensem
664 693 761 758 nitere
780 702 940 776 oreeturn,
969 693 1145 778 Cynosura,
1169 694 1290 776 logicae

152 807 315 865 erenturee
336 802 438 884 imago
463 801 600 864 constitit
621 803 651 865 in
675 801 774 864 oeelo.
820 800 939 864 idediue
962 807 1062 863 eutem
1085 801 1188 864 Draco
1211 803 1293 865 inter

151 909 256 972 ombus
281 914 438 972 creaturae
460 907 668 991 subtenditur,
692 925 746 990 en,
769 924 850 987 quoe
871 913 943 970 sunt
964 925 1095 988 magnae
1119 915 1291 990 ereeturoe,

152 1009 323 1097 impediens
346 1016 377 1078 in
401 1015 546 1099 exiguom
569 1007 741 1078 ereaturam
764 1015 994 1098 transmigrare,
1017 1031 1131 1096 enque,
1155 1030 1236 1095 quoe
1259 1015 1290 1076 in

153 1127 295 1196 ereetum
317 1122 536 1204 constiterunt,
566 1121 662 1184 veluti
685 1138 772 1204 eum,
803 1122 854 1202 qui
877 1127 924 1183 est
946 1122 976 1184 in
999 1119 1152 1204 genubus,
1182 1125 1331 1182 custo-ro

154 1228 259 1313 diens,
290 1228 478 1311 observans,
506 1225 665 1309 quomodo
689 1236 720 1291 et
741 1226 998 1308 quemadmodum
1023 1227 1143 1311 singule
1165 1227 1197 1290 in
1221 1227 1293 1290 exi-

154 1351 216 1418 gue
238 1341 381 1399 ereatura
404 1335 606 1399 constiterint.
652 1333 840 1398 Observatur
863 1342 964 1398 eutem
988 1335 1107 1416 etipse
1131 1333 1171 1398 od
1193 1341 1294 1418 ceput,

153 1443 261 1524 inquit,
283 1440 321 1504 ob
342 1441 584 1524 Anguitenente.
629 1441 723 1525 lineo,
746 1443 852 1522 inquit,
873 1443 977 1524 imago
992 1442 1128 1506 constitit
1147 1441 1178 1504 in
1195 1440 1294 1524 onelo,

155 1549 305 1629 sapientie
335 1548 489 1629 quaedem
516 1550 569 1632 iio,
603 1549 655 1630 qui
677 1547 783 1612 videre
804 1554 943 1629 possunt.
989 1548 1041 1611 Sin
1065 1547 1102 1610 eb
1125 1547 1184 1610 hoo
1205 1554 1295 1629 perte

157 1657 321 1718 obscurum
344 1662 400 1738 eet,
423 1673 480 1737 per
504 1656 602 1738 utinm,
624 1655 731 1738 inquit,
754 1653 919 1738 imaginem
943 1660 1083 1718 oreuture
1107 1653 1201 1718 dooet
1222 1651 1334 1736 phi-n

155 1761 325 1846 temptari,
348 1762 388 1825 de
411 1761 606 1843 quadratus
629 1759 703 1824 dixit
722 1761 753 1823 in
775 1759 857 1823 huno
879 1759 1022 1823 modum:

282 1867 393 1950 Neque
417 1869 510 1950 igitur
532 1867 649 1949 Cephei
670 1883 770 1949 genus
791 1878 1007 1930 aerumnosum
1029 1865 1159 1930 lesidne.

244 1973 309 2040 te·
342 1974 493 2059 Cepheus,
513 1975 619 2059 inquit,
642 1974 683 2037 ibi
706 1991 805 2056 prope
827 1975 914 2037 obest
936 1980 966 2036 et
991 1972 1157 2056 Cassiopen
1181 1981 1212 2036 et
1226 1972 1296 2036 An-

158 2080 308 2146 dromede
331 2089 363 2145 et
384 2083 526 2166 Perseus,
550 2099 661 2166 magne
685 2088 848 2145 creaturae
871 2082 1022 2145 elemento
1045 2081 1082 2144 iis
1098 2081 1149 2163 qui
1164 2077 1296 2144 eernere

77 2255 90 2264 ,
157 2195 296 2270 possunt.
356 2188 512 2270 Cepheum
545 2190 625 2252 enim
656 2189 697 2252 nit
727 2205 797 2252 esee
825 2187 939 2272 ddum,
969 2187 1164 2271 Cassiepeem
1192 2187 1335 2270 Evomeu

157 2293 390 2359 Andromedam
413 2296 573 2378 utriusque
599 2295 709 2358 horum
731 2296 871 2379 unionem,
892 2297 1037 2358 Perseum
1049 2295 1165 2378 logum,
1188 2294 1297 2358 elatem

157 2398 240 2462 loris
267 2399 399 2480 prolem,
423 2399 530 2463 Cotum
553 2398 746 2462 insidiantem
768 2399 899 2462 beluam.
939 2399 1009 2462 Nun
1027 2398 1170 2462 edulium
1188 2416 1299 2479 quem·
1360 2416 1363 2424 ’

159 2507 240 2588 piem
269 2505 396 2590 horum,
425 2505 481 2568 sed
512 2506 549 2570 ud
580 2505 677 2569 solem
707 2505 938 2569 Andromedam
965 2505 1051 2569 vadit
1073 2505 1125 2586 qui
1147 2505 1300 2568 interiecit

160 2612 296 2698 beluam,
325 2631 343 2676 u
367 2631 429 2694 que
460 2619 491 2676 et
512 2611 741 2676 Andromedam
763 2613 821 2674 eibi
843 2611 1020 2695 vindicans,
1057 2627 1136 2692 quoe
1160 2611 1299 2690 exposita

160 2729 228 2784 eret
249 2719 377 2782 vinculis
401 2720 565 2782 constrictu
589 2717 718 2799 belone,
740 2717 847 2801 logne,
869 2718 983 2800 inquit,
1006 2717 1066 2780 hoo
1091 2723 1139 2779 est
1160 2716 1338 2800 Porsennae

160 2826 279 2890 liberat.
330 2827 461 2890 Perseus
490 2833 591 2888 nutem
623 2833 670 2888 est
699 2832 832 2907 pennote
862 2825 928 2888 exis
950 2832 1117 2907 penetrans
1139 2831 1300 2904 utrumque

161 2933 263 3014 potum
293 2950 350 3013 per
377 2931 509 2996 medium
538 2939 651 2996 terrem
680 2939 712 2994 et
739 2938 888 3012 torquens
919 2932 1071 2996 mundum.
1116 2930 1172 2994 Est
1200 2936 1302 2995 eutem

163 3041 255 3103 etiem
275 3040 399 3121 spiritus
422 3040 474 3120 qui
496 3040 594 3102 estin
618 3038 731 3104 mundo
755 3039 821 3104 evis
845 3039 971 3125 Cygnus
995 3040 1076 3102 oiroe
1099 3038 1207 3122 Ursus,
1231 3055 1328 3100 mu-·

163 3254 361 3316 constitutum
391 3254 473 3317 vitoe
504 3259 619 3318 tontum
649 3271 764 3318 ornere
794 3255 900 3336 inoipit
922 3272 991 3318 oum
1011 3255 1093 3318 bono
1116 3271 1172 3336 spe
1195 3252 1340 3317 disee-to

165 3359 243 3424 dens
268 3379 285 3424 e
308 3377 402 3441 prere
426 3368 566 3425 ereetum
579 3411 588 3446 ‚
621 3360 752 3442 hymnos
775 3361 873 3426 edens
898 3361 967 3426 deu.
1014 3361 1124 3425 Generi
1148 3367 1250 3424 entem
1273 3368 1304 3423 et

162 3468 241 3531 teuri
273 3474 305 3530 et
331 3467 441 3530 leones
471 3476 503 3532 et
525 3469 638 3531 arietes
660 3475 692 3531 et
714 3486 826 3549 cupreo
849 3476 881 3532 et
902 3467 993 3532 hoedi
1017 3474 1049 3531 et
1070 3473 1223 3549 quotquot
1245 3464 1303 3529 ulia

164 3574 303 3638 enimelio
326 3593 384 3656 per
407 3583 488 3639 estre
513 3576 763 3640 nominenturin
786 3575 886 3658 oredo,
908 3575 1059 3659 imagines
1082 3574 1201 3638 scilieet
1224 3582 1304 3656 sunt,
1389 3615 1395 3626 ·

165 3682 270 3765 iuquit,
302 3687 333 3744 et
355 3682 506 3766 exemplu,
528 3682 612 3745 unde
636 3681 788 3747 mutabilis
810 3689 951 3745 oreeture
976 3689 1065 3746 nocte
1088 3683 1209 3763 speeies
1232 3679 1304 3744 toli·

162 3787 219 3851 bus
243 3789 427 3854 animalibus
449 3788 597 3870 impletur.
1313 3805 1343 3856 uu

164 3995 208 4050 95.
228 3996 273 4052 96.
293 3997 439 4050 Κασεέπεεα
458 3993 479 4050 C
595 3995 639 4051 98.
658 3991 851 4050 annumerare
941 3995 993 4048 mir
1011 3993 1081 4068 ἀμφ.
1102 3989 1123 4049 C
1141 3991 1171 4048 Μ
1282 3995 1306 4048 1.

163 4087 191 4140 rd
205 4088 299 4158 Κῆιος]
319 4086 355 4142 cf.
374 4087 451 4142 Aret.
470 4105 496 4144 r.
515 4087 568 4144 35³
587 4105 643 4161 etp:
673 4087 726 4154 Τὴν
747 4086 776 4142 δὲ
789 4086 835 4140 καὶ
853 4084 902 4140 οὐκ
920 4085 1012 4158 dddyor
1031 4105 1081 4159 περ
1102 4085 1243 4157 ἀπόπροθι
1262 4101 1308 4139 πε-

165 4185 278 4247 πτηυῖαν
297 4185 308 4248 ΙΙ
326 4179 505 4253 Ἀνδρομέδην
521 4181 594 4255 μέγα
612 4181 696 4248 Κῆεος
712 4179 893 4254 ἐπερχόμενον
910 4182 1063 4251 κατεπείγει.
1176 4175 1266 4230 rodrou
1286 4171 1308 4228 C

165 4273 191 4328 7.
210 4270 248 4329 Cf
264 4269 359 4328 Sohol.
379 4273 408 4328 in
425 4271 505 4328 Aret.
521 4291 547 4328 r.
567 4273 635 4328 275:
664 4273 755 4327 miror
772 4271 815 4327 τὸν
835 4271 911 4343 ὄρνιν
929 4272 956 4324 oi
972 4270 1024 4343 μὲν
1041 4271 1165 4341 λέγουσιν
1183 4269 1245 4322 dm
1262 4265 1309 4319 xd-

165 4383 231 4420 ενεν
247 4367 483 4438 mensuatim
500 4367 536 4428 ric
555 4364 637 4439 τιμὴν
648 4363 865 4426 rod’Andttorror
878 4360 1064 4437 ἅεεμουσεεὸν
1082 4359 1145 4415 dm
1232 4359 1260 4414 8.
1279 4359 1306 4414 9.

165 4463 224 4521 ..ες
243 4447 417 4534 adoptato
534 4459 577 4514 ro.
599 4458 640 4513 11.
661 4452 869 4532 ermrpneoc
985 4453 1028 4508 ιε.
1044 4451 1088 4521 n]
1106 4445 1172 4506 nu
1189 4447 1221 4506 ut
