3006 4976
226 297 288 366 150
335 299 374 382 (p.
393 305 462 360 ιοε.
491 296 571 382 ουτ.)
690 299 786 358 mm
808 299 841 374 v,
865 303 895 358 ε.

309 465 338 532 8.
388 464 519 540 Τούτοις
546 466 600 527 nai
619 473 685 539 τοῖς
704 463 856 539 τοιούτοις
875 461 1025 547 ἑπόμενοι
1046 458 1078 528 οἳ
1099 464 1365 547 θαυμασιώτατοι

221 575 398 654 γνωσιιιιοί,
429 571 594 659 δφευρεταί
621 575 734 656 καινῆς
762 573 870 656 τέχνης
897 574 1131 659 γραμματικῆς,
1160 572 1225 660 τόν,
1243 569 1368 636 ἑαυτάίν

223 681 388 766 προφήτην
409 677 549 766 Ὅμηρον
576 681 675 742 ταῦτα
706 680 928 764 προφαίνοντα
958 676 1101 764 ἀρρήτως
1122 677 1290 756 δοξάζουσι
1312 683 1370 742 καί

223 787 295 862 τούς
315 785 472 872 ἀμυήτους
495 787 551 862 τάς
572 783 667 866 ἀγίας
687 780 816 871 γραφάς
837 785 882 860 είς
902 785 1048 860 τοιαύτας
1069 785 1196 861 ἐννοίας
1209 785 1369 865 συνάγον-

187 907 272 969 3οτυς
292 892 494 981 ἐνυβρίζουσι.
545 895 684 973 Λέγουσι
708 891 760 956 δέ·
789 890 807 955 δ
829 890 931 971 λέγων
950 892 988 955 τά
1010 892 1117 956 πάντα
1139 893 1174 970 ἐξ
1195 889 1268 967 ἑνὸς
1289 909 1369 956 συν-

224 1001 369 1079 εστάναι,
398 1000 576 1065 πλανᾶται·
597 999 752 1086 δΙλέγων
774 998 810 1062 έιι
831 1001 934 1085 τριῶν,
958 997 1112 1084 ἀληθεύει
1134 1003 1189 1062 ιιαί
1210 1003 1283 1086 περὶ
1304 1001 1370 1063 τάν

224 1107 309 1173 δλων
330 1112 385 1194 τὴν
406 1106 574 1184 ἀπόδειξιν
596 1105 700 1170 δύσει.
757 1109 832 1170 Μία
852 1107 914 1192 γάρ
934 1105 1013 1183 ἔστι,
1047 1109 1158 1192 φησίν,
1182 1105 1201 1192 ἦ
1222 1110 1370 1194 μαιιαρία

226 1215 321 1302 φόως
341 1219 396 1279 τοῦ
424 1216 585 1302 μακαρίου
609 1213 790 1301 ἀνθρώπου
810 1216 866 1277 τού
888 1213 976 1290 ἀνω,
999 1217 1054 1277 τοῦ
1071 1211 1284 1296 Ἀδάμαντος·
1306 1218 1368 1298 μία

226 1320 262 1384 δὲ
290 1320 310 1406 ἢ
341 1321 443 1407 θνητὴ
472 1321 572 1385 κάτω·
603 1324 662 1404 μία
693 1319 729 1384 δὲ
758 1319 777 1406 ἦ
805 1318 1009 1402 ἀβασίλευτος
1029 1322 1121 1401 γενεά
1143 1319 1162 1407 ἢ
1185 1323 1255 1386 ἀνω
1276 1344 1370 1403 γενο-

189 1431 315 1514 οομένη,
339 1427 431 1505 ὅπου,
456 1431 561 1513 φησίν,
585 1427 648 1491 ἐστὶ
670 1427 811 1512 Μαριάμ
833 1426 852 1512 ἡ
876 1425 1043 1513 ζητουμένη
1064 1433 1119 1491 καί
1135 1427 1250 1515 ’ίοθάρ
1273 1427 1368 1512 ἀμέ-

226 1558 285 1615 γας
306 1533 407 1619 σοφὸς
429 1540 482 1598 καί
504 1525 709 1620 Σεπφάραῆ
737 1534 901 1616 βλέπουσα
931 1537 985 1596 καὶ
1012 1537 1148 1620 Μωσῆς,
1182 1531 1222 1599 οδ
1250 1539 1373 1615 γένεσις

226 1641 285 1705 οδιι
307 1641 389 1705 ἔστιν
410 1641 446 1706 έν
463 1643 632 1728 Αἰγύπτῳ·
654 1641 802 1721 γεγόνασι
822 1641 885 1728 γάρ
908 1639 993 1728 αὐτῷ
1018 1640 1132 1716 παῖδες
1153 1641 1189 1706 ἐν
1211 1641 1367 1726 Μαδιάμ,

228 1751 281 1812 καί
302 1753 400 1825 τοῦτο,
425 1751 530 1833 φησίν,
555 1747 630 1812 οάδδ
652 1746 724 1823 τούς
745 1747 877 1833 ποιητάς
897 1746 1032 1832 λέληθε·

312 1853 430 1940 τριχθά
453 1854 489 1918 δὲ
511 1856 617 1919 πάντα
640 1853 805 1931 δέδασται,
829 1851 957 1928 ἕκαστος
979 1852 1014 1917 δ’
1035 1853 1152 1940 ἔμμορε
1174 1857 1272 1940 τιμῆς.

192 1964 288 2023 ίοΔεί
304 1963 376 2046 γάρ,
400 1965 486 2047 φησί,
510 1961 683 2026 λαλεῖσθαι
704 1962 743 2024 τά
765 1963 904 2046 μεγέθη,
928 1959 1102 2024 λαλεῖσθαι
1126 1961 1161 2025 δέ
1183 1962 1281 2037 οὕτως
1303 1959 1368 2026 ὑπὸ

228 2066 359 2132 πάντων
388 2073 551 2154 πανταχῆ,
587 2073 652 2132 ίνα
683 2065 899 2143 ἀκούοντες
919 2069 971 2154 μη
994 2067 1172 2134 ἀκούωσι
1194 2076 1256 2133 καί
1278 2069 1371 2152 βλέ-

228 2195 371 2249 ποντες
398 2176 448 2258 μὴ
477 2173 690 2255 βλέπωσιν.
746 2174 787 2237 Et
805 2172 849 2259 μὴ
870 2174 933 2260 γάρ
954 2174 1114 2253 δλαλείτο,
1138 2180 1232 2262 φησί,
1254 2176 1293 2242 τά
1313 2199 1372 2260 με·

227 2283 320 2366 γέδη,
344 2279 362 2345 δ
384 2282 500 2364 κόσμος
522 2282 706 2346 συνεστάναι
729 2279 788 2345 ούιι
812 2279 959 2367 η’δόνατο.
1018 2279 1115 2347 Οὗτοί
1135 2284 1215 2356 εἰσιν
1239 2281 1270 2347 οἱ
1291 2295 1373 2371 τρείς

229 2387 400 2477 ὑπέρογκοι
423 2389 526 2470 λόγοι·
550 2389 777 2468 ιιαυλαιιαῦ,
801 2389 1032 2467 σαυλασαύ,
1058 2389 1214 2479 ζεησάρ.
1266 2397 1298 2455 K
1307 2413 1374 2455 αυ-

77 2559 80 2566 .
191 2496 359 2568 οολαιιαῦ
380 2501 436 2561 τοῦ
459 2497 537 2574 ἀνω,
561 2500 615 2561 τού
631 2495 847 2580 Ἀδάμαντος,
869 2496 1079 2560 σαυλασαῦ
1102 2501 1157 2561 τοῦ
1178 2498 1262 2562 κάτω
1284 2501 1370 2585 θνη-

229 2608 294 2682 τοῦ,
318 2603 460 2691 ζοησάρ
483 2607 538 2668 τοῦ
559 2601 613 2668 ἐπὶ
633 2605 764 2674 τά,άνω
787 2602 955 2691 ῥεύσαντυς
971 2601 1146 2690 Ἰορδάνου.
1181 2600 1281 2680 Οὗτος
1298 2605 1372 2684 δστί,

229 2715 335 2798 φησίν,
367 2709 385 2776 ό
415 2712 452 2776 έν
479 2715 580 2780 πᾶσιν
609 2710 828 2799 ἀρσενόθηλυς
855 2711 1042 2794 ἄνθρωπος,
1072 2711 1112 2776 δν
1130 2707 1162 2776 οἳ
1183 2709 1372 2792 ἀγνοοῦντες

228 2819 391 2906 Γηρυόνην
405 2818 537 2883 ιιαλοῦσι
551 2818 753 2904 τρισάματυν,
778 2817 820 2892 άς
836 2816 872 2880 έιι
887 2821 943 2903 γῆς
963 2816 1077 2905 ῥέοντι
1091 2819 1260 2905 Γηρυόνην,
1281 2823 1373 2912 ιιοινη·

229 2925 265 2990 δὲ
281 2925 425 3012 Ἕλληνες
454 2922 843 3012 έπουράνιονμηνδς
865 2926 997 3012 κέρας,
1032 2924 1079 2988 ὅτι
1100 2929 1293 3009 ιιαταμέμιχε
1314 2931 1371 2990 ναὶ

190 3036 376 3121 οῦκειιέραιιε
404 3035 512 3098 πάντα
540 3035 630 3097 πᾶσι.
685 3032 820 3095 Πάντα
842 3031 935 3115 γάρ,
959 3035 1053 3117 φησί,
1077 3031 1121 3097 δι’
1144 3031 1267 3097 αύτού
1288 3033 1372 3113 ἐγέ-

229 3161 317 3205 νετο
348 3145 419 3204 καί
443 3145 559 3229 χωρὶς
587 3137 709 3203 αύτού
731 3139 896 3218 ἐγένετο
919 3136 1015 3202 ούδὲ
1037 3141 1090 3204 έν.
1132 3139 1173 3203 Ὃ
1195 3135 1237 3204 δὲ
1258 3141 1374 3221 γέγο-

229 3269 293 3312 νεν
314 3247 357 3312 δν
378 3245 480 3336 αύτῷ
504 3245 578 3332 ζωή
598 3245 717 3309 ἐστιν.
748 3233 877 3331 ιΑύυη,
901 3247 1013 3331 φησίν,
1037 3244 1119 3310 ἐστίν
1141 3245 1160 3332 ἦ
1183 3245 1244 3332 ζωὴ
1266 3245 1286 3331 ἢ
1310 3248 1373 3334 άρ·

229 3376 319 3442 ρητυς
339 3355 432 3434 γενεά
456 3357 521 3418 τάν
540 3343 665 3418 τελείων
688 3350 903 3439 ἀνθρώπων,
928 3351 948 3436 ἢ
970 3361 1039 3426 ταίς
1059 3356 1227 3441 προτέραις
1245 3364 1370 3433 γενεαῖς

229 3459 288 3526 ούιι
308 3460 466 3548 έγνάσθη.
514 3459 560 3525 Τδ
582 3458 618 3523 δὲ
640 3458 788 3537 οδδίν,
812 3459 830 3523 ό
852 3463 946 3546 χωρίς
967 3457 1067 3524 αὐτοῦ
1088 3462 1231 3540 γέγονεν,
1254 3458 1273 3524 δ
1295 3461 1374 3524 ιιόσ-

193 3585 289 3652 ίομος
317 3565 418 3643 ίδιιιός
443 3567 541 3632 ἔστιν·
572 3571 700 3649 γέγονεν
721 3569 783 3654 γάρ
804 3571 898 3653 χωρὶς
920 3565 1018 3646 αότού
1039 3565 1104 3631 ύπδ
1125 3570 1228 3654 τρίτου
1248 3572 1303 3633 ιιαὶ
1323 3591 1373 3632 τε·

229 3673 353 3762 τάρτου.
396 3678 507 3753 Τοῦτο,
531 3678 636 3761 φησίν,
662 3675 725 3740 ίσιί
741 3674 776 3739 τδ
792 3675 943 3762 ποτήριον
963 3673 1004 3738 τδ
1025 3672 1126 3738 τόνδ
1131 3693 1166 3750 υ,
1188 3673 1234 3739 έν
1258 3669 1284 3762 ρί
1305 3676 1375 3756 βα-

301 3897 346 3953 ³2.
365 3899 465 3968 καινῆς]
483 3900 557 3966 ιιινῆς
575 3896 597 3954 C
615 3899 646 3955 M
753 3902 797 3956 40.
822 3897 917 3968 'tomo
939 3896 1057 3970 ὃμίγας
1074 3892 1172 3965 σοφὸς]
1192 3891 1234 3950 Cf.
1255 3895 1282 3948 2.
1302 3889 1374 3950 Μαι.

232 3991 274 4055 18,
295 3991 400 4045 14-23
420 3998 447 4045 εί
466 3989 533 4045 cod.
553 3991 782 4065 pseudepigraph.
803 3987 836 4043 V.
857 3987 890 4042 T.
909 3987 952 4043 ed.
972 3986 998 4043 J.
1017 3987 1051 4042 Α.
1071 3984 1213 4042 Fabricius
1234 3988 1276 4041 εδ.
1293 3988 1372 4043 alter.

230 4079 382 4153 Hamburg.
405 4083 473 4135 1722
492 4079 569 4137 Tom.
592 4083 605 4137 1
625 4101 651 4155 p.
671 4083 724 4138 855
744 4100 802 4155 sqq.
905 4079 949 4134 41.
969 4079 1107 4150 Σεπφάρα
1126 4079 1141 4146 ἢ
1158 4081 1302 4150 βλέπουσα]
1331 4077 1374 4135 cf.

230 4172 329 4230 δίδοι.
348 4176 374 4240 4,
393 4175 438 4228 24.
458 4175 493 4229 25
592 4175 654 4250 41.
673 4175 718 4226 42.
740 4171 781 4226 Cf.
801 4173 819 4223 2
837 4167 908 4224 Mos.
927 4172 953 4234 2,
974 4171 1102 4227 21-23.
1219 4173 1263 4226 44.
1289 4169 1373 4226 Hom.

231 4265 263 4321 n.
286 4265 416 4332 15‚189.
525 4265 569 4319 46.
588 4265 632 4318 47.
662 4261 759 4318 Μοῑίίι.
781 4263 829 4325 13,
858 4261 890 4317 13
910 4259 948 4315 ὅτι
965 4264 1101 4332 βλέποντες
1120 4262 1151 4317 ού
1169 4265 1309 4333 βλέπουσιν
1329 4266 1376 4318 καὶ

232 4358 370 4420 ἀκούοντες
394 4357 442 4414 ούκ
468 4355 611 4412 ἀκούουσιν
636 4355 696 4410 οὐδὲ
722 4359 872 4420 συνίουσιν,·
903 4347 944 4409 τί.
959 4353 1044 4410 Maro.
1064 4357 1096 4421 4,
1124 4357 1165 4410 12.
1193 4354 1261 4410 Luc.
1281 4357 1314 4420 8,
1342 4357 1375 4410 10

232 4451 278 4504 ίνα
292 4453 430 4521 βλέποντες
442 4449 480 4526 μὴ
497 4449 627 4520 βλέπωσιν
644 4447 691 4501 καί
710 4446 848 4507 ἀκούοντος
866 4446 904 4519 μη
922 4447 1056 4501 συνιῶσιν.
1164 4445 1209 4500 49.
1229 4446 1375 4512 καυλακαά,
