3056 4970
609 305 773 364 temtos.
1204 299 1266 365 179

120 479 258 556 gruemo,
282 491 350 534 cum
373 472 562 536 constitisset
584 471 730 554 deinceps
754 470 883 536 mundus
904 470 943 533 ad
962 473 1305 556 consummationem‚ra

121 579 326 642 descendisse
350 578 390 641 ob
412 595 531 662 causas,
555 597 631 660 quas
652 585 761 661 postea
783 577 964 662 reddemus,
989 576 1122 640 Herodis
1145 585 1268 659 tempo-

121 687 211 750 ribos
240 687 452 749 trinaturatum
480 685 633 766 quendam
661 692 692 748 et
713 689 915 766 tricorporem
940 691 969 746 et
989 685 1183 766 tripotentem
1207 683 1269 748 ho-

122 795 238 857 minem
267 799 409 857 vocatum
442 792 612 878 Christum,
642 793 673 856 in
704 811 739 856 se
765 792 931 856 habentem
961 809 978 853 a
1009 791 1105 855 tribus
1132 791 1269 874 partibus

122 899 231 962 mundi
252 901 361 963 omnia
376 907 600 964 concrementa·
619 907 651 963 et
672 906 850 980 potestates.
896 897 934 960 Et
956 897 1017 961 hoc
1039 900 1080 961 eit
1103 917 1173 962 essa
1186 899 1267 980 quod

122 1005 254 1073 dieitur:
288 1005 411 1070 Οσισσσι
430 1007 651 1089 plenitudinem
673 1006 859 1087 complacuit
878 1004 1100 1068 iadomtore‘a'n
1113 1007 1180 1088 ipsc
1193 1015 1306 1068 cor-m

119 1114 291 1194 porolitm,
325 1121 356 1177 et
384 1114 483 1178 omnis
511 1113 591 1177 inest
623 1113 653 1175 in
685 1115 752 1195 ipso
784 1112 925 1174 divinitas
948 1111 993 1174 sic
1015 1110 1129 1175 divisae
1151 1111 1266 1176 triadis.

122 1220 233 1283 Detata
257 1222 337 1283 enim
360 1239 431 1284 esse
453 1221 494 1284 ait
516 1239 533 1283 a
563 1218 830 1301 supermeantibus
853 1218 972 1282 mundis
996 1218 1127 1303 duobus,
1151 1224 1181 1280 et
1204 1235 1266 1280 non

122 1332 278 1410 generato
302 1334 333 1390 et
355 1345 395 1390 ex
424 1346 459 1391 se
489 1329 557 1408 ipso
586 1335 755 1409 generato,
784 1327 817 1388 in
845 1326 927 1389 hunc
955 1326 1115 1410 mundum,
1148 1327 1178 1388 in
1206 1344 1267 1408 quo

122 1452 374 1517 versonarum,
398 1433 627 1498 omnifariarum
651 1440 834 1516 potestatum
857 1435 982 1497 semina.
1026 1433 1083 1506 Oui
1104 1440 1205 1496 autem
1229 1434 1268 1496 sit

122 1541 236 1606 modus
252 1543 466 1607 descensionis
484 1560 601 1626 eorum,
623 1541 752 1623 posthae
770 1541 952 1622 aperiemus.
987 1539 1158 1604 Devenisse
1176 1540 1306 1624 igiturne

123 1649 276 1712 Christum
299 1649 373 1712 dicit
394 1649 530 1730 desuper
550 1663 567 1711 a
591 1650 888 1732 non-generatione,
910 1655 944 1710 ut
961 1665 1016 1729 per
1031 1645 1268 1711 descensionem

124 1755 196 1821 eius
219 1756 321 1820 omnia
344 1756 501 1822 salventur
522 1755 668 1836 trifariam
692 1754 797 1818 divisa.
854 1754 940 1827 Quae
965 1755 1056 1839 enim,
1078 1757 1184 1839 inquit,
1208 1753 1268 1816 de-

121 1881 219 1944 super
241 1862 435 1927 derenerunt
455 1864 549 1947 mira,
583 1861 752 1926 ascendent
773 1879 830 1943 per
852 1878 930 1925 eum.
981 1861 1025 1924 Ea
1048 1868 1164 1946 autem,
1188 1879 1268 1942 quae

122 1969 268 2035 insidiata
291 1977 362 2034 sunt
384 1969 519 2051 delapsis
542 1969 683 2051 desuper,
707 1969 891 2033 adiiciuntur
910 1969 1058 2051 etpunita
1075 1968 1266 2052 ablegantur.

125 2075 196 2140 Hoc
217 2083 280 2160 est,
309 2078 419 2161 inquit,
449 2075 532 2160 quod
565 2076 676 2140 dictum
707 2082 773 2139 est:
809 2077 877 2140 Noa
899 2077 979 2138 enim
1002 2077 1087 2139 venit
1105 2077 1189 2157 tilius
1210 2075 1306 2148 lto-m

122 2185 217 2248 miae
237 2186 271 2248 ira
291 2186 434 2248 mamm
455 2185 499 2250 od
514 2184 705 2266 perdendum
726 2184 879 2259 mundant,
901 2184 959 2244 red
977 2190 1011 2244 ut
1025 2183 1161 2246 solvetur
1175 2201 1268 2244 mun-

124 2292 184 2354 der
201 2311 260 2373 per
282 2293 390 2373 ipram.
434 2290 595 2372 Mundum,
618 2291 727 2372 inquit,
751 2296 842 2353 vocat
865 2287 940 2352 duas
960 2287 1027 2351 ilias
1049 2294 1166 2372 panes,
1187 2307 1268 2370 quae

125 2399 333 2481 superiacent,
356 2407 387 2463 et
409 2414 472 2462 aon
495 2400 631 2480 genitam
657 2405 748 2461 etex
771 2415 806 2460 se
828 2398 894 2478 ipsa
916 2397 1061 2477 genitam.
1112 2395 1185 2458 Cum
1207 2414 1268 2459 au-

122 2512 187 2569 tem
209 2505 290 2585 dicit,
309 2505 422 2587 inquit:
452 2513 487 2568 et
505 2524 568 2568 aco
590 2523 658 2568 coar
680 2506 791 2568 ηισσσσ
813 2506 991 2567 damnemur
1012 2505 1179 2586 scriptura,
1201 2509 1268 2566 ter-

123 2613 197 2677 tiam
229 2620 345 2694 partem
376 2611 470 2695 dicit,
505 2613 556 2693 qui
585 2618 634 2675 est
661 2609 792 2674 mundus
822 2609 973 2690 specialis.
1029 2609 1162 2674 Tertiam
1186 2611 1304 2672 enimto

124 2726 250 2800 oportet
270 2717 391 2802 perire,
422 2735 512 2798 quam
536 2718 608 2782 dicit
631 2716 791 2802 mundum,
825 2715 961 2797 reliquas
986 2721 1087 2780 autem
1114 2715 1189 2780 duas
1212 2733 1266 2778 se-

123 2827 211 2907 iungi
232 2825 271 2888 ab
296 2826 429 2909 interitu,
452 2825 695 2906 superiacentes.
1152 2826 1154 2830 ’
1227 2817 1228 2822 ’

212 2947 261 3016 13,
306 2949 473 3014 Videamus
492 2951 585 3032 igitur
606 2952 743 3033 primum,
768 2948 923 3031 quomodo
948 2948 1027 3012 hanc
1045 2947 1214 3012 doctrinam
1227 2949 1265 3011 ab

125 3055 294 3140 astrologis
317 3059 442 3121 mutuati
464 3057 612 3120 intentent
641 3055 810 3140 Christum,
842 3055 1008 3119 afferentes
1031 3056 1197 3137 perniciem
1220 3057 1266 3140 iis,

126 3165 177 3245 qui
201 3181 257 3228 eos
279 3171 450 3247 sequuntur
479 3165 509 3226 in
540 3163 592 3228 ran
622 3180 739 3228 errare.
790 3163 950 3244 Astrologi
979 3163 1059 3226 enim
1082 3182 1175 3227 unum
1198 3171 1305 3232 sta-os

125 3277 250 3335 tuentes
282 3264 426 3336 mundam
456 3269 594 3334 dividunt
621 3273 743 3334 eumin
767 3289 829 3334 nou
853 3277 990 3334 errantes
1013 3271 1172 3352 signorum
1196 3271 1267 3332 ani-

126 3379 247 3442 malium
285 3385 388 3458 partes
419 3359 580 3442 duodecim
611 3385 641 3440 et
672 3383 783 3442 vocant
815 3377 974 3461 signorum
1008 3395 1070 3440 non
1102 3378 1267 3441 errantium

125 3485 270 3549 muudum
299 3503 402 3554 unum,
424 3484 569 3549 mundum
599 3502 663 3548 non
697 3491 868 3559 errantem3
904 3484 1031 3547 alterum
1065 3491 1166 3547 autem
1196 3501 1267 3547 esse

125 3594 292 3656 errantium
316 3598 347 3655 et
367 3594 397 3654 vi
419 3600 452 3656 et
473 3592 609 3672 positura
632 3596 663 3652 et
688 3607 818 3653 numero
841 3588 985 3652 mundum
1009 3589 1122 3674 dieunt,
1146 3590 1198 3671 qui
1222 3597 1269 3654 est

126 3783 257 3838 tto-em
277 3781 313 3837 ct.
334 3777 441 3836 Colosr.
463 3782 494 3845 2,
519 3781 536 3834 9
561 3777 645 3834 inlr
662 3779 731 3852 αὐτῷ
749 3783 864 3834 κατοικεῖ
881 3779 936 3832 πᾶν
953 3777 981 3831 τὸ
999 3777 1131 3850 πλήρωμα
1148 3777 1190 3845 τῆς
1208 3777 1269 3833 9εό-

124 3891 196 3941 cm
213 3873 376 3947 σωματικοῖς,
392 3870 454 3928 ecit.
469 3867 529 3924 Coi.
545 3871 568 3935 1,
586 3870 618 3924 19
702 3872 745 3926 93.
764 3871 829 3943 γὰρ]
849 3871 878 3924 di
896 3869 997 3939 iegitur
1014 3870 1085 3926 iufra
1104 3889 1131 3942 p.
1151 3871 1213 3937 att,
1233 3872 1268 3925 37

126 3966 172 4022 93.
185 3966 229 4020 94.
249 3962 416 4038 dytrriraoC
512 3963 555 4018 97.
576 3959 744 4033 ἆγενησὶαςῦ
836 3963 859 4015 1.
879 3958 1266 4033 ἀφίεσασκὲιὶ]ἆψίσικα101ίε

126 4057 204 4130 ἀφυεῖ
221 4058 274 4124 alai
290 4057 337 4112 aral
356 4057 425 4111 inira
444 4073 472 4126 p.
492 4055 554 4119 316,
573 4055 608 4109 ts
628 4054 671 4108 ed.
690 4051 757 4108 On:
787 4052 908 4124 dpaoeac‘i
931 4050 957 4106 J.
977 4051 1144 4126 Beroapsius
1161 4053 1181 4107 1.
1201 4053 1220 4108 Ι.
1239 4070 1267 4125 p.

126 4150 181 4206 314
198 4166 258 4222 sqq.
373 4147 467 4204 3-5.
499 4143 542 4200 Gi.
560 4143 611 4200 Er.
630 4143 673 4199 Jo.
693 4147 724 4213 3,
754 4147 786 4200 17
812 4145 843 4201 or‘r
867 4146 921 4219 γὰρ
946 4145 1094 4200 ἀπέστειλεν
1112 4143 1126 4198 ὁ
1146 4143 1208 4203 θεὸς
1226 4143 1270 4196 raia

125 4239 186 4294 oliv
200 4239 281 4293 adrani
298 4241 335 4300 alr
352 4239 397 4292 riv
413 4238 516 4312 κόσμον
534 4241 579 4292 tro
596 4242 674 4311 κρίνῃ
687 4237 732 4292 τὸν
749 4237 866 4310 κόσμον,
891 4236 946 4290 ἀλλ’
972 4239 1018 4290 lac
1042 4235 1117 4307 σωθῇ
1136 4233 1150 4288 ὁ
1169 4233 1268 4305 κόσμος

126 4331 160 4388 da’
180 4330 261 4385 elme
374 4333 403 4386 t.
424 4331 447 4385 1.
468 4325 531 4384 Cor.
555 4331 596 4394 11,
613 4329 650 4384 ³2
763 4329 791 4384 8.
812 4328 856 4381 rod
873 4361 909 4372 -
928 4328 1024 4396 Μυσοῦ]
1044 4326 1088 4378 τὸν
1105 4324 1208 4395 κόσμον
1225 4323 1269 4377 τὸν

124 4421 255 4479 111196νῦ.
275 4419 442 4496 Bemayriut
460 4422 479 4477 1.
498 4421 519 4476 Ι.
538 4439 565 4493 p.
584 4421 647 4476 3111.
738 4420 780 4475 18.
800 4416 999 4490 ὅςὲσπμὲχρι]
1015 4415 1093 4471 iilam
1103 4411 1222 4487 μέρσςῦ
1239 4411 1269 4470 M
1388 4439 1392 4450 ·

913 4513 983 4582 ta·
