3006 4976
247 298 309 366 154
354 299 391 384 (ρ.
417 309 485 365 ιοο.
512 303 593 388 ιιο.)
710 305 806 364 unm
828 305 861 380 v,
884 307 914 366 ε.

211 499 213 502 ·
244 473 323 536 τῶν
345 469 547 558 οδρανῶν,
581 469 687 536 α’λλδ
710 475 787 536 κάν
807 475 937 558 πίητε,
969 473 1063 558 φησί,
1085 471 1129 538 τδ
1150 470 1348 558 ποτήριον
1366 473 1399 554 ὃ,

243 579 319 658 έγο)
352 582 479 655 πίνω,Ι
507 577 607 642 δποο
636 578 711 657 ἰγιδ
737 576 896 658 ύπάγω,
930 578 1149 664 έκείύμείς
1169 579 1388 644 εἰσελθεῖν

206 685 289 759 οεού
312 685 333 750 δ
339 686 360 750 ό
366 689 505 751 νασθε.
554 686 654 752 Ἤιδει
674 691 756 774 γάρ,
780 690 895 773 φηοίν,
918 687 954 766 έξ
974 685 1090 762 δποίας
1111 687 1237 772 φύσεως
1257 689 1388 764 ἔκαστος

242 797 306 858 τῶν
338 796 494 880 μαθητῶν
523 793 621 858 αὐτοῦ
650 794 714 858 έστί
732 799 788 858 καί
808 793 855 861 δτι
876 797 1007 860 ἕκαστον
1029 792 1135 859 αὐτῶν
1154 795 1201 870 εἰς
1220 793 1276 881 την
1297 793 1388 860 ἰδέαν

244 901 342 986 φύσιν
359 901 471 966 ἰλθετν
493 900 626 988 άνάγκη.
665 901 747 966 ’Ana
766 903 827 988 γάρ
846 906 908 968 τῶν
926 901 1062 980 δῶδεκα,
1086 905 1173 989 φησί,
1195 902 1387 988 φολῶνμα-

242 1011 346 1095 θητάς
376 1009 538 1087 ἐξελέξατο
573 1008 698 1073 διόδεκα
730 1014 785 1086 καί
815 1009 856 1074 δι’
888 1008 994 1075 αδτῶν
1020 1009 1154 1096 έλάίησε
1174 1011 1262 1102 πάση
1287 1011 1385 1103 φυλῇ·

238 1115 300 1180 διά
322 1120 422 1193 τοῦτο,
445 1119 532 1202 φησί,
555 1116 593 1180 τά
615 1120 677 1181 τῶν
699 1115 825 1180 δῶδεκα
846 1119 1004 1203 μαθητῶν
1022 1117 1203 1203 κηρύγματα
1216 1118 1286 1182 οὔτε
1298 1121 1385 1182 πάν-

221 1239 290 1299 1τες
319 1222 494 1310 ἀκηκόασιν
526 1225 612 1300 οὔτε,
644 1222 704 1287 έάν
735 1221 913 1300 ἀκούσωσι,
947 1223 1199 1310 παραδέξασθαι
1220 1224 1383 1292 δύνανται.

236 1331 317 1395 Ἔστι
337 1331 399 1416 γάρ
425 1329 532 1406 αύτοϊς
553 1331 644 1418 παρά
667 1331 764 1415 φύσιν
782 1333 821 1395 τά
843 1333 886 1417 μη
908 1331 989 1395 κατά
1010 1332 1117 1418 φύσιν.

329 1440 469 1514 Τοῦτον,
504 1441 598 1524 φησί,
632 1439 757 1525 Θρᾷκες
783 1434 814 1501 οἳ
835 1443 907 1525 περὶ
928 1438 983 1522 τδν
1004 1437 1109 1522 Ᾰίμον
1130 1439 1289 1513 οἰκοῦντες
1313 1443 1382 1503 Κο-

242 1545 424 1627 ρύβαντα
446 1545 578 1610 καλοῦσι
600 1550 653 1608 καί
685 1547 808 1632 Θρᾳξὶν
836 1542 867 1609 ολ
900 1546 1021 1632 Φρύγες
1050 1545 1297 1632 παραπλησίως,
1335 1545 1382 1610 δτι

218 1651 309 1721 οάπδ
330 1657 383 1738 τῆς
404 1658 546 1741 κορυφῆς
567 1654 699 1718 ἄνωθεν
719 1657 773 1716 καὶ
794 1651 861 1716 άπδ
883 1657 939 1717 τού
960 1653 1227 1740 α’χαρακτηρίστοο
1241 1653 1380 1740 ἐγκεφά-

167 1789 170 1800 ·
238 1759 297 1824 λον
327 1761 383 1846 τὴν
409 1760 510 1848 α’ρχῆν
536 1766 589 1847 τῆς
612 1762 816 1843 καταβάσεως
838 1760 1015 1843 λαμβάνων
1038 1765 1092 1824 καὶ
1113 1762 1222 1836 πάσας
1242 1763 1298 1836 τάς
1319 1766 1382 1826 τῶν

238 1865 456 1950 ὑποκειμένων
487 1867 688 1955 διερχόμενος
713 1867 816 1952 άρχάς
838 1873 982 1943 πῶςκαί
1004 1871 1074 1932 τίνα
1093 1869 1212 1955 τρόπον
1234 1871 1380 1950 κατέρχε-

238 1998 289 2036 ται
312 1973 352 2038 οιί
373 1979 518 2060 νοοῦμεν.
565 1973 660 2038 Τοῦτ’
683 1975 755 2051 έστί,
779 1979 865 2062 φησί,
887 1977 921 2039 τδ
942 1976 1121 2062 εἰρημένον·
1151 1975 1291 2062 φωνην
1310 1981 1381 2059 μὲν

240 2079 357 2144 αύτοῦ
385 2080 635 2166 ἠκούσαμεν,
667 2081 775 2158 εἰδος
803 2081 845 2146 δὲ
877 2081 1004 2147 αὐτοῦ
1032 2081 1104 2164 ούχ
1132 2081 1380 2171 ἑωράκαμεν.

201 2187 484 2272 1οἍποτεταμένοο
508 2190 580 2276 γάρ,
604 2193 710 2276 φησίν,
735 2189 834 2254 αδτού
856 2193 910 2253 καί
929 2193 1251 2276 κεχαρακτηρισμένοο
1264 2188 1380 2254 άκούε-

236 2319 289 2359 ται
312 2297 419 2382 φωνή,
448 2297 482 2359 τδ
512 2295 548 2359 δὲ
569 2294 653 2371 εἶδος
679 2295 713 2360 τό
732 2285 892 2360 κατελθὸν
914 2297 1047 2360 ἄνωθεν
1068 2295 1135 2362 άπὸ
1158 2300 1213 2362 τού
1235 2296 1381 2385 άχαρακ-
1413 2333 1419 2358 ι

237 2406 377 2489 τηρίστοο
400 2403 514 2469 δποϊον
536 2403 619 2467 ἐστὶν
639 2401 723 2467 εἰδεν
744 2401 859 2478 ούδείς.
903 2403 985 2467 Ἔστι
1015 2402 1051 2467 δὲ
1079 2403 1115 2468 έν
1144 2408 1188 2492 τῷ
1218 2404 1380 2490 πλάσματι

236 2514 280 2598 τῷ
300 2515 407 2598 χοϊκῷ,
430 2511 574 2592 γινιόσκει
597 2509 632 2573 δὲ
655 2508 733 2574 αότδ
757 2508 871 2584 ούδείς.
918 2506 1026 2588 Οὗτος,
1051 2513 1157 2596 φησίν,
1179 2511 1263 2578 ἐστὶν
1278 2510 1296 2578 δ
1313 2512 1381 2578 τδν

199 2677 200 2684 ,
236 2616 665 2704 κατακλοσμδνίοἰκῶν
687 2616 780 2690 θεδς
801 2617 883 2680 κατά
904 2615 939 2680 τδ
962 2615 1140 2704 ψαλτήριον
1170 2624 1233 2683 καί
1255 2624 1379 2705 φθεγ-

198 2723 520 2812 1εγόμενος[καῐ]
544 2727 744 2809 κεκραγιδς
766 2719 848 2787 άπδ
871 2723 1029 2788 ὑδάτων
1050 2725 1220 2790 πολλῶν.
1244 2725 1377 2806 Ὑδατα,

236 2834 348 2916 φησίν,
386 2832 450 2895 ἐστὶ
479 2830 584 2896 πολλοὶ
611 2827 631 2917 ηι
657 2827 849 2916 πολυοχιδης
871 2832 934 2894 τῶν
955 2833 1085 2917 θνητῶν
1104 2834 1223 2912 γένεσις
1244 2831 1380 2919 α’νθρῶ-

237 2959 319 3014 πων,
343 2935 402 3023 ἅμ’
423 2934 460 3024 ἧς
480 2941 544 3020 βοᾷ
567 2944 620 3002 καὶ
642 2942 774 3021 κέκραγε
789 2938 870 3024 πρὸς
890 2937 945 3002 τὸν
960 2935 1228 3026 άχαρακτήριστον
1243 2940 1380 3027 ἄνθρω-

189 3129 191 3136 Ι
238 3066 318 3122 πον,
357 3043 484 3130 ῥῦσαι
516 3045 617 3124 λέγων
649 3041 725 3107 άπδ
759 3042 939 3110 λεόντων
968 3045 1039 3131 τὴν
1066 3052 1262 3134 μονογενῆ
1293 3071 1378 3131 μοο.

238 3151 326 3233 Πρός
347 3153 475 3228 τοῦτον,
507 3152 619 3235 φησίν,
649 3148 731 3212 έστίν
759 3149 939 3236 εἰρημένον·
973 3157 1081 3228 Παίς
1099 3177 1174 3239 μου
1196 3156 1235 3219 εἰ
1252 3155 1380 3220 σύἸσ-

196 3255 355 3342 γοραήλ,
388 3257 439 3342 μη
469 3259 615 3342 φοβού,
645 3255 716 3320 έδν
736 3255 805 3320 διά
825 3262 1018 3341 ποταμῶν
1039 3257 1230 3351 διέλθης,
1261 3259 1381 3348 οδμη

234 3380 274 3425 σε
302 3362 596 3443 σογκλύσωσιν,
627 3362 699 3427 έδν
729 3363 798 3428 διά
826 3364 952 3452 πορδς
980 3364 1158 3458 διέλθης,
1190 3363 1239 3430 ού
1263 3367 1312 3454 μή
1339 3384 1379 3432 σε

233 3469 454 3547 σογκαύσει.
507 3471 708 3553 ’Ποταμούς,
732 3474 828 3557 φησί,
851 3472 934 3552 λέγει
955 3472 1011 3558 τὴν
1032 3471 1134 3560 ὑγράν
1155 3476 1207 3559 τῆς
1227 3477 1378 3555 γενέσεως

233 3573 355 3652 ούσίαν,
383 3581 448 3662 πῦρ
471 3576 507 3640 δὲ
528 3577 584 3663 τὴν
605 3577 660 3642 ἐπὶ
680 3577 735 3664 την
754 3581 877 3659 γένεσιν
899 3577 1001 3667 δρμίγν
1022 3585 1077 3643 καί
1098 3580 1295 3666 έπιθομίαν·
1324 3583 1378 3646 Σύ

234 3684 330 3766 έμδς
364 3685 414 3762 εἰ,
441 3686 492 3770 μὴ
521 3689 662 3771 φοβοῦ.
713 3691 778 3753 Καὶ
795 3686 911 3765 πάλιν,
946 3677 1058 3774 φησίν,
1086 3687 1119 3752 εἰ
1141 3687 1379 3776 ἐπιλήσεται

271 3949 273 3955 ,
303 3885 330 3941 8.
351 3887 376 3940 9.
407 3883 449 3940 Gs.
469 3867 519 3941 Ev.¹
539 3885 583 3942 Jo.
602 3888 636 3954 3,
662 3889 680 3943 S
710 3889 738 3941 τό
755 3889 862 3961 πνεῦμα
880 3885 948 3944 ὅπου
965 3891 1037 3944 θέλει
1054 3893 1129 3955 πνεῖ,
1157 3889 1204 3944 καί
1220 3890 1266 3958 τὴν
1284 3891 1377 3961 φωνὴν

231 3975 310 4031 αι’·ιοῶ
336 3977 452 4042 ἀκούεις,
478 3977 533 4032 ἄλλ’
560 3979 608 4034 οὐκ
633 3981 710 4041 οἰδας
733 3981 819 4035 πόθεν
842 3984 944 4054 ἔρχεται
962 3981 977 4049 ἢ
994 3983 1049 4037 πού
1064 3983 1174 4056 ὑπάγει.
1211 3981 1277 4055 Gap.
1297 3985 1322 4048 5,
1341 3986 1377 4040 37

231 4070 288 4125 οὔτε
312 4071 405 4142 φωνὴν
429 4069 508 4125 αὐτοῦ
535 4072 639 4126 πῶποτε
665 4071 805 4139 ἀκηκόατε,
832 4075 889 4128 οὔτε
914 4075 986 4136 εἰδος
1008 4075 1089 4130 αὐτοῦ
1111 4075 1243 4146 ἑωράκατε
1269 4095 1293 4130 κ.
1313 4079 1375 4130 εἰ.

234 4165 276 4218 10.
292 4164 510 4237 Ἀποτεταγμένον
529 4162 550 4218 C
569 4162 598 4219 M
684 4165 975 4239 χαρακτηριομένοοῦ
1086 4168 1199 4223 13-15.
1215 4165 1257 4223 Cf.
1278 4165 1377 4222 Psalm.

231 4256 274 4321 28,
296 4256 328 4311 10
347 4257 449 4328 Κύριος
474 4257 518 4310 τὸν
542 4257 725 4330 κατακλυσμόν
747 4264 872 4312 κατοικιεῖ
890 4277 914 4313 κ.
933 4279 954 4312 τ.
971 4262 994 4314 λ.
1020 4276 1059 4314 το.
1079 4261 1096 4315 3
1122 4261 1204 4327 Φωνὴ
1220 4264 1314 4333 κορίοο
1333 4262 1379 4315 eni

204 4385 206 4390 -
230 4349 281 4403 τῶν
299 4349 410 4414 ύδάτων,
430 4349 444 4403 δ
462 4349 527 4410 θεὸς
545 4349 587 4416 τὴς
605 4351 685 4416 δόξης
697 4350 857 4424 ἐβρόντησεν,
875 4352 967 4424 κύριος
980 4353 1136 4407 έπίύδάπον
1148 4353 1253 4407 πολλῶν
1335 4353 1377 4408 14.

245 4443 392 4496 κατοικῶνί
465 4439 676 4498 15.καίοωῦ
750 4445 792 4499 16.
811 4441 1012 4518 πολοσχεδῆςῦ
1088 4445 1130 4500 18.
1157 4442 1200 4499 Cf.
1220 4442 1320 4499 Ρεείω.
1338 4446 1384 4512 34,
