3006 4976
561 311 877 374 ASTDDTHDOSDDHL
1235 315 1297 382 117

237 477 291 542 47.
335 477 444 542 hiuitas
470 477 622 562 (πολέας)
654 481 697 543 ait
725 499 796 546 esse
824 483 856 544 in
884 482 984 546 caelo‘
1004 483 1127 565 stelias,
1165 483 1225 547 hoc
1249 494 1297 550 cst

150 591 324 668 uertentes,
358 585 429 666 quia
459 588 711 669 circumaguntur
740 588 777 650 ab
807 595 878 651 ortu
900 587 938 651 ad
960 605 1105 653 occasum
1127 599 1159 652 et
1181 609 1295 656 occasu

150 691 190 756 ad
217 701 316 756 ortum
349 701 502 775 perpetuo
534 691 699 757 orhiouiori
722 693 831 778 figura.
875 695 964 758 Volui
987 705 1088 760 autem
1109 715 1219 763 versus
1242 701 1334 782 ip·ro

151 815 203 862 sas
225 799 320 863 Ursae
345 799 419 862 dicit
446 803 533 881 quasi
556 800 710 882 quoddam
734 801 847 866 flumen
871 805 968 866 amnia
990 822 1135 886 magnum
1157 809 1293 870 miracu-

149 905 209 969 lum
233 907 374 970 immensi
396 907 572 991 Serpentis,
602 914 633 970 et
655 905 715 971 hoc
739 925 810 972 esse
833 908 916 990 quod
939 911 980 974 ait
1000 912 1032 972 in
1054 911 1108 975 lob
1140 912 1178 976 ad
1202 913 1292 977 deum

152 1011 303 1097 diabolus,
327 1013 378 1094 qui
402 1013 496 1076 dixit:
529 1015 720 1078 Poehenooi
742 1033 822 1097 quoe
843 1017 900 1078 rub
922 1019 1041 1080 coetum
1063 1026 1110 1081 est
1130 1026 1245 1082 terrum
1263 1030 1295 1085 et

149 1120 297 1204 circuivi,
329 1119 391 1184 hoc
420 1130 466 1184 est
495 1121 663 1203 circumagi
692 1140 742 1185 me
765 1121 954 1203 standique
977 1125 1203 1207 contemplatus
1225 1143 1291 1192 sum

151 1227 304 1290 mundum.
357 1225 559 1292 constitutum
587 1230 668 1291 euim
697 1247 768 1292 esse
791 1229 978 1294 arbitrantur
998 1249 1109 1295 versus
1131 1232 1331 1298 horeaiemre

149 1333 252 1415 polum
276 1333 468 1418 Draconem,
491 1342 682 1419 serpentem,
713 1335 764 1417 qui
787 1335 825 1398 ah
849 1335 994 1400 altissimo
1017 1339 1090 1420 poto
1114 1341 1215 1402 omnia
1237 1341 1291 1402 in-

150 1447 269 1522 spectat
290 1447 322 1504 et
345 1443 446 1504 omnia
469 1442 613 1526 intuetur,
637 1459 677 1504 ne
700 1441 772 1523 quid
796 1441 929 1506 omnium
953 1461 1033 1524 quae
1056 1443 1130 1508 fiant
1150 1445 1292 1509 cumiu-

150 1547 223 1632 giat.
268 1547 341 1612 Cum
372 1551 452 1612 enim
483 1565 591 1612 omnes
622 1551 653 1612 in
683 1549 770 1614 caelo
798 1548 905 1612 stelias
938 1549 1096 1634 occidant,
1128 1551 1213 1615 solus
1243 1551 1292 1615 hio

150 1653 239 1737 polus
269 1671 424 1737 nunquam
453 1655 581 1739 occidit,
617 1655 672 1718 sed
703 1655 734 1717 in
757 1654 877 1718 sublimi
899 1672 994 1737 super
1015 1656 1207 1732 horizontem
1231 1678 1291 1722 va-

151 1762 226 1824 dens
257 1763 358 1825 omnia
390 1762 597 1844 circumspicit
626 1768 658 1824 et
687 1763 855 1842 inspectat,
884 1779 946 1824 nec
978 1765 1141 1845 quidquem
1169 1765 1330 1829 illorumeu

151 1885 229 1952 quae
250 1869 344 1952 flunt,
357 1867 408 1952 ait,
432 1885 501 1932 eum
523 1868 635 1954 ingere
659 1875 773 1950 potest.

813 1975 880 2048 Oua
902 1975 1032 2038 maxime

377 2079 546 2144 Miscentur
570 2086 602 2142 et
623 2097 754 2144 occasus
777 2087 809 2142 et
831 2087 917 2144 ortus
940 2097 1056 2166 secum,

150 2187 346 2252 constiiutum
370 2203 441 2250 esse
463 2187 505 2250 ait
527 2187 595 2250 eius
619 2194 719 2268 caput
772 2187 848 2252 Nam
875 2203 984 2252 versus
1013 2205 1157 2252 occasum
1181 2193 1213 2250 et
1234 2205 1291 2251 or-

153 2299 215 2357 tum
239 2294 401 2358 amborum
425 2293 720 2375 hemisphaeriorum
749 2296 838 2358 situm
869 2301 916 2358 est
946 2303 1038 2377 caput
1059 2295 1225 2378 Draconis,
1248 2311 1326 2362 nest

150 2402 232 2486 quid,
254 2401 362 2485 inquit,
385 2417 453 2464 eum
476 2401 573 2482 fugiat
595 2419 651 2483 per
673 2401 805 2464 eundem
827 2403 928 2465 iocum
952 2419 1054 2484 neque
1068 2419 1185 2483 eorum,
1209 2418 1289 2482 quae

148 2507 273 2572 suntin
297 2523 420 2591 occasu,
444 2525 547 2588 neque
570 2525 650 2588 quae
673 2514 743 2572 sunt
764 2510 797 2571 in
819 2503 899 2592 ortu,
922 2509 977 2571 sed
1001 2512 1101 2572 omnia
1118 2513 1291 2591 cognoseat

148 2615 239 2679 beina
267 2615 364 2680 omui.
418 2613 473 2678 Est
500 2620 600 2678 autem
628 2615 713 2679 iuxta
740 2615 838 2696 ipsum
866 2622 958 2696 caput
986 2615 1137 2678 Draconis
1168 2615 1289 2695 specics

148 2721 281 2784 hominis
303 2739 360 2803 per
381 2721 485 2785 stelias
515 2722 702 2803 conspicua,
739 2737 829 2802 quarn
859 2727 951 2784 vocat
978 2720 1093 2784 Aratus
1124 2720 1289 2804 imaginem

148 2829 257 2894 iahore
280 2829 412 2892 attritam
434 2833 465 2889 et
489 2829 666 2891 aerumnosi
689 2828 835 2910 similem,
866 2834 996 2892 vocatur
1024 2835 1126 2892 autem
1148 2827 1327 2908 ingena-ao

150 2937 217 3000 hus.
265 2935 327 2999 lam
358 2936 471 2999 Aratus
493 2935 624 3026 ,quidem
651 2937 799 3019 ignorare
829 2935 888 3019 ait,
922 2933 971 2998 hio
998 2934 1086 2998 iahor
1109 2935 1176 3016 quis
1199 2935 1238 2998 sit
1260 2941 1290 2997 et

149 3043 328 3109 miraculum
358 3041 418 3106 hoo
447 3042 530 3124 quod
562 3043 691 3108 vertitur
720 3044 751 3107 in
784 3040 893 3126 caelo,
926 3040 1074 3106 haeretici
1105 3047 1207 3104 autem
1232 3059 1290 3123 per

149 3159 298 3216 astrorum
321 3151 614 3232 pervestigationem
641 3149 740 3212 annisi
763 3148 919 3212 doctrinae
939 3165 1011 3213 suas
1024 3145 1207 3211 confirmare
1219 3156 1289 3212 star-

148 3257 265 3322 diosius
281 3257 361 3321 haec
372 3256 499 3321 scrutati
516 3256 607 3337 iilum,
630 3258 683 3336 poi
706 3259 753 3319 est
769 3257 800 3318 iu
818 3255 970 3339 genubus,
993 3256 1078 3320 aiunt
1093 3271 1163 3318 esse
1179 3252 1288 3339 Adam,

149 3363 317 3428 secundum
340 3364 521 3445 imperatum
543 3362 603 3446 dei,
626 3363 714 3427 sicuti
738 3361 814 3426 dixit
832 3361 949 3443 hioses,
972 3361 1184 3425 coamentem
1197 3370 1328 3442 capoten

148 3473 303 3536 Drooooie
325 3479 356 3533 et
376 3472 552 3535 Draconem
573 3468 691 3532 coirent
712 3467 787 3532 cirta.
832 3468 876 3532 ita
900 3469 981 3531 euim
1004 3469 1101 3550 inquit
1123 3467 1256 3531 Aratus:

277 3577 385 3642 Dextri
405 3576 494 3659 pedis
516 3577 679 3660 vestigium
702 3573 820 3638 habens
844 3574 949 3636 inflexi
972 3573 1132 3636 Draconis.

148 3881 199 3948 τῆς
216 3881 245 3934 δ’
266 3879 353 3952 ἀγχοῦ
370 3879 495 3951 poya'om
512 3877 657 3932 sauream
676 3875 755 3948 ἀνδρὶ
774 3873 859 3938 iconia
883 3891 895 3948 p
921 3875 1033 3930 sidonios
1051 3893 1075 3930 rr.
1094 3893 1114 3930 τ.
1132 3877 1173 3930 Le
1197 3892 1224 3929 r.
1244 3875 1288 3930 65.

145 3991 203 4046 sqq.
217 3969 445 4046 ἀλλάμιναθιωξ
460 3969 470 4032 ΞΙ
490 3969 649 4042 ’Βγγόνασιν
667 3969 800 4048 aulicum·
819 3967 847 4022 τὸ
865 3966 893 4022 δ’
914 3962 970 4022 αὖτ’
990 3971 1019 4022 ἐν
1035 3967 1149 4041 γούνασι
1160 3967 1265 4042 κάμνον
1275 3965 1286 4038 ΙΙ

146 4065 280 4128 ὀκλάζοντι
297 4066 389 4117 ἔοικεν.
505 4061 530 4117 h.
551 4062 577 4115 6.
604 4055 647 4115 Gi.
665 4056 743 4114 Arai.
769 4077 794 4114 v.
815 4060 859 4114 64.
879 4059 928 4114 65:
958 4059 986 4112 mi
1003 4059 1056 4132 μὲν
1073 4059 1143 4121 ot'mc
1159 4061 1290 4114 iniamus

145 4155 278 4230 oppane
295 4156 385 4218 niueis,
407 4165 419 4224 p
440 4151 503 4207 οὐδ’
522 4150 587 4206 imre
604 4153 732 4224 κρέμαται
749 4156 836 4212 κεῖνος
848 4149 938 4223 πόνῳ,
958 4151 1025 4206 otte
1041 4171 1066 4205 ν.
1085 4170 1104 4206 τ.
1123 4153 1146 4206 i.
1261 4151 1289 4204 9.

145 4244 187 4304 Gi.
209 4245 366 4312 thiriae,
395 4245 442 4302 ¹5:
471 4244 550 4307 ciria
573 4263 621 4300 coo
644 4245 746 4316 τηρήσει
770 4243 815 4316 (ul.
839 4241 937 4318 πρήσει
959 4243 1002 4299 rel
1026 4243 1145 4320 sarpieos)
1163 4240 1289 4312 κιφαλῆν,

143 4341 189 4396 aas*
212 4342 245 4396 oi
268 4340 384 4413 τηρήσεις
402 4338 447 4411 (al.
465 4337 578 4410 copiosor
593 4337 637 4393 rel
654 4336 788 4410 respicite)
808 4335 889 4390 aimo
907 4337 1030 4408 πτέρναν.
1145 4335 1188 4390 to.
1208 4323 1291 4394 Οὗτος

143 4451 178 4508 μ
196 4431 220 4491 G
329 4435 371 4489 il.
389 4431 474 4494 ποδὸς
494 4431 580 4505 ἄκρον
596 4433 651 4504 ἔχοι
667 4427 769 4485 Asaiut
786 4447 812 4484 v·
832 4429 877 4483 70.
