3006 4976
220 264 523 347 ιωμωα)
685 267 923 340 mmmm

307 435 359 500 48.
402 428 654 518 Παρατετύχθαι
682 430 720 496 δέ
751 447 848 517 φησιν
871 431 958 518 αῦτηλ
985 427 1186 516 ἑκατέρωθεν
1206 427 1303 513 (λέγω
1326 428 1365 494 δέ

220 544 263 627 τῷ
281 540 334 605 Ἐν
356 540 485 625 γόνασι)
506 539 622 625 Λύραν
652 544 707 604 καί
727 541 916 626 Στέφανον,
950 535 1049 604 αὐτόν
1075 535 1112 602 όέ
1138 538 1217 615 γόνυ
1248 531 1369 602 κλίνειν

221 653 275 712 καὶ
295 645 476 712 ἐκτετακότα
498 645 683 731 ἀμφοτέρας
703 647 760 722 τὰς
780 657 889 734 χεῖρας
910 645 1008 712 οἱονεὶ
1029 649 1102 732 περὶ
1124 643 1282 732 ἁμαρτίας
1292 645 1368 722 ἐξο-

187 753 466 837 τομολογούμενον.
509 753 605 818 Είναι
626 752 662 817 δὲ
683 753 739 840 τὴν
759 753 862 838 λύραν
885 753 1038 839 μουσικόν
1060 753 1200 840 ὄργανον
1220 749 1286 818 ύπό
1307 775 1365 839 νη-

222 863 297 927 πίου
327 859 370 926 ότι
391 859 552 936 παντελῶς
573 863 860 944 κατεσκευασμένον
880 865 936 927 τοῦ
958 861 1069 941 λόγου·
1098 860 1195 942 λόγον
1223 861 1259 926 δέ
1280 861 1365 926 είναε

223 968 314 1054 παρὰ
332 977 396 1044 τοῖς
408 965 553 1052 Ἕλλησιν
573 965 771 1050 ἄκουόμενον
791 967 846 1034 τόν
861 966 988 1056 Ἑρμῆν.
1033 969 1116 1055 Φησὶ
1140 967 1176 1032 δὲ
1198 967 1368 1056 όἎροττς

223 1079 296 1162 περὶ
316 1077 370 1161 τῆς
390 1078 582 1159 κατασκευῆς
601 1077 655 1159 τῆς
676 1073 794 1160 λύρας·

565 1178 1115 1269 πηνῶᾶβέτικαίπαρολλίκνῳ

188 1303 219 1352 νο
392 1286 534 1374 Ἑρμείης
554 1286 690 1374 ἐτόρησε,
711 1286 810 1374 λύρην
832 1286 866 1352 δ’
886 1287 976 1353 είπεν
993 1288 1181 1353 καλέεσθαι.
1199 1287 1204 1374 Ι

219 1395 432 1483 Ἑπτοίχορέος
458 1395 536 1472 ἐστί,
572 1393 627 1460 διολ
654 1397 717 1460 τῶν
743 1393 823 1460 ἑπτα
851 1394 977 1481 χορδῶν
998 1393 1053 1482 τὴν
1073 1399 1185 1460 πᾶσαν
1205 1383 1368 1481 ἁρμονίαν

226 1508 280 1568 καί
299 1501 493 1589 κατασκετιην
515 1501 657 1586 ἐμμελῶς
677 1502 814 1584 ἔχουσαν
835 1505 890 1567 τοῦ
913 1505 1032 1586 κόσμου
1055 1503 1298 1590 [σημαίνουσα]·
1330 1503 1367 1568 ἐν

225 1614 261 1690 ἐξ
281 1611 414 1699 ημίραις
432 1611 494 1699 γολρ
514 1611 636 1691 ἐγένετο
659 1608 677 1676 6
698 1611 833 1693 κόσμος,
866 1613 919 1674 καὶ
946 1610 982 1701 τη)
1010 1609 1130 1700 ἑβδόμη
1157 1613 1369 1674 καταπέπαυ-

226 1743 288 1784 ται.
331 1720 373 1784 Εί
393 1716 467 1797 οῦν,
494 1721 607 1804 φησίν,
642 1716 930 1800 ἐξομολογούμενος
951 1715 969 1780 6
988 1713 1093 1800 ’Λόῦμ
1115 1717 1244 1802 κοίτην
1264 1739 1368 1802 κεφα-

191 1824 286 1910 νολην
315 1825 489 1910 φυλάσσων
511 1829 566 1888 τοῦ
587 1827 705 1911 θηρίου
727 1824 808 1888 κατὰ
829 1824 864 1889 τό
885 1823 1073 1910 πρόσταγμα
1095 1828 1151 1890 τοῦ
1174 1827 1256 1889 θεοῦ
1277 1824 1368 1908 ἐκμι-

227 1931 357 2016 μήσεται
377 1931 433 2016 τὴν
454 1930 565 2017 λύραν,
580 1933 714 2012 τουτέστι
736 1930 1007 2017 κατακολουθήσει
1027 1935 1071 2018 τηῦ
1092 1930 1176 2019 λόγῳ
1198 1935 1253 1994 τοῦ
1274 1934 1368 2009 θεοῦ,

227 2040 361 2102 τουτέστι
384 2037 578 2120 πειθόμενος
597 2039 641 2122 τοῦ
662 2036 770 2123 νόμην,
802 2039 1037 2124 παρακείμενον
1066 2035 1152 2125 αύτῷ
1174 2038 1229 2102 τόν
1250 2040 1370 2123 στέφα-

229 2166 287 2210 νον
306 2144 453 2232 λη’ψεται.
501 2142 577 2209 Ἐὰν
599 2142 635 2207 όέ
658 2141 808 2234 οἷμελήση,
834 2143 1152 2231 συγκατενεχθήσιται
1173 2148 1216 2232 τῷ
1239 2143 1370 2210 ὑποκει-

229 2253 316 2340 μένῳ
341 2253 454 2338 θηρίῳ,
475 2253 531 2316 καὶ
551 2250 585 2314 τό
605 2252 701 2336 μέρος
722 2253 794 2328 ἐξει,
819 2254 905 2336 φησί,
926 2249 1004 2334 μετὰ
1026 2255 1082 2316 τοῦ
1103 2254 1232 2338 θηρίον.
1268 2253 1370 2318 Ἔοικε

192 2357 267 2424 σσέὲ
290 2357 379 2424 όἘν
396 2359 529 2438 γόνασιν
548 2355 749 2444 ἑκατέρωθεν
768 2356 953 2440 ἐπιβάλλειν
973 2359 1030 2434 τὰς
1049 2368 1165 2446 χετρας,
1195 2363 1250 2423 καί
1280 2363 1370 2424 τοῦτο

230 2469 290 2550 μέν
309 2467 363 2552 τῆς
382 2463 501 2552 λύρας,
533 2467 622 2530 τοῦτο
655 2463 691 2528 66
718 2467 774 2528 τοῦ
796 2465 953 2550 στεφάνου
975 2464 1183 2550 ἐφάπτεσθαι
1206 2467 1309 2553 [τοῦτο
1332 2464 1370 2530 66

230 2573 528 2660 ἐξομολογεῖσθαι],
552 2570 596 2648 ῶς
617 2572 699 2636 ἐστιν
722 2571 805 2636 ἐόείν
827 2571 866 2636 δι’
889 2569 1065 2637 αὐτοῦτοῦ
1089 2573 1263 2658 σχήματος·
1299 2573 1373 2638 ἐπι-

229 2681 413 2765 βουλεύεται
441 2679 477 2745 da
506 2679 593 2764 όμῶς
614 2683 668 2744 καί
689 2677 876 2744 α’ποσπῦται
898 2677 916 2742 6
938 2681 1095 2764 στέφανος
1116 2677 1214 2744 αύτοῦ
1235 2677 1290 2744 ὑπ’
1310 2679 1372 2744 ἄλ-

231 2789 289 2856 λον
311 2791 446 2876 θηρίου,
468 2789 652 2874 μικροτέρου
675 2786 862 2872 δράκοντος,
886 2785 906 2850 6
926 2786 989 2851 ἐστι
1006 2788 1148 2872 γέννημα
1168 2791 1223 2852 τοῦ
1246 2786 1374 2873 φυλασ-

193 2898 367 2980 ίοσομένοο
399 2893 463 2960 ύπὸ
494 2897 549 2959 τοῦ
567 2892 620 2956 Ἐν
647 2893 760 2972 γόνασι
780 2896 822 2980 τῷ
844 2891 930 2958 ποδί.
977 2893 1178 2980 ’Ἀνθρωπος
1192 2893 1229 2958 όέ
1248 2897 1374 2980 ἔστηκεν

230 3001 393 3091 ἑκατέρως
418 3011 486 3077 τοῦς
514 3005 601 3087 χερσί
628 3001 784 3087 καρτερῶς
810 3002 1034 3086 κατασφίγγοον
1061 3005 1116 3065 καί
1143 3001 1189 3076 τίς
1208 3001 1247 3065 τῶ
1270 2999 1372 3066 όπίσω

116 3191 122 3202 ,
231 3108 332 3173 ἐλκων
353 3108 421 3175 οἷπό
443 3111 498 3173 τοῦ
518 3105 676 3192 στεφάνου
698 3106 753 3170 τόν
774 3106 854 3192 όφιν
874 3111 929 3170 καί
943 3105 1001 3173 οῦκ
1018 3107 1059 3188 ἐᾷ
1078 3106 1287 3194 ἐφάπτεσθαι
1296 3111 1373 3190 βια-

232 3215 364 3298 ζόμενον
384 3218 439 3280 τοῦ
460 3212 619 3299 στεφάνου
642 3211 677 3276 τό
699 3215 831 3299 θηρίον·
871 3210 1046 3298 Ὀφιοῦχον
1068 3213 1104 3278 σε
1126 3211 1224 3279 αῦτῦν
1246 3213 1373 3300 auqu-

232 3344 284 3398 τος
311 3320 415 3398 καλετ,
445 3319 492 3386 ότι
517 3321 638 3401 κατέχει
658 3319 714 3404 την
735 3317 838 3406 όρμην
857 3323 913 3384 τοῦ
934 3321 1041 3406 όφεως
1061 3319 1115 3386 ἐπί
1135 3322 1191 3387 τόν
1212 3323 1373 3407 στέφανον

195 3429 343 3496 ίσέλθετν
364 3429 573 3516 πειρωμένου.
615 3427 722 3507 Λόγος
742 3426 795 3506 δέ,
819 3429 932 3512 mlv,
954 3426 1018 3492 ἐστι
1038 3426 1171 3513 σχήματι
1191 3425 1375 3513 ἐνθρῶπου

233 3533 251 3598 6
273 3533 406 3599 κωλύων
433 3533 488 3600 ἐπὶ
515 3535 570 3600 τόν
599 3537 758 3622 στέφανον
785 3533 898 3600 ἐλθιίν
924 3534 959 3599 τό
981 3536 1114 3621 θηρίον,
1137 3533 1297 3620 οἰκτείρων
1318 3532 1373 3597 τόν

231 3640 518 3725 ἐπιβουλευόμενον
545 3640 610 3708 ὑπὸ
639 3645 695 3708 τοῦ
724 3641 896 3729 δράκοντος
923 3639 1005 3725 ὁμοῦ
1031 3645 1086 3704 καί
1106 3643 1162 3706 τοῦ
1182 3640 1376 3726 γεννήματος

233 3747 364 3812 ἐκείνου.
407 3745 512 3811 Λύταλ
539 3748 575 3814 δὲ
602 3746 638 3814 αἱ
653 3749 793 3837 Ἄρκτοι,
824 3750 940 3834 φασίν,
969 3744 1146 3830 ε’βόομόόες
1164 3747 1225 3812 εἰσὶ
1247 3747 1317 3825 δύο,
1338 3747 1375 3824 ἐξ

232 3851 313 3918 ἐνετοὶ
334 3851 474 3941 ύστέρων
495 3857 702 3939 συγκείμεναι,
726 3855 844 3921 δισσῶν
865 3855 994 3918 κτίσεων
1013 3853 1141 3930 εέκόνες.
1173 3853 1288 3941 Πρῶτη
1300 3853 1372 3939 γάρ,

196 3963 345 4048 ίόφησίν,
367 3963 461 4035 κτίσις
484 3959 503 4045 ἢ
525 3962 605 4025 κατὰ
627 3961 681 4026 τόν
699 3961 803 4046 Ἀδὰμ
824 3963 861 4028 ἐν
882 3963 1009 4039 πόνοις,
1033 3960 1053 4027 ό
1073 3961 1157 4026 ἐστιν
1178 3958 1196 4025 6
1218 3960 1255 4025 έν
1275 3962 1393 4040 γόνα-,

310 4123 349 4176 12.
368 4119 450 4193 Παρὰ
466 4118 494 4174 τῦ
509 4119 633 4193 τετύχθαι
650 4118 673 4177 C
790 4123 832 4178 13.
851 4123 879 4176 τὸ
890 4125 919 4176 ἐν
930 4117 1061 4196 struae
1180 4121 1221 4176 16.
1241 4117 1374 4176 ιίῶέναιῦ

238 4217 278 4270 Ιῦ.
303 4213 386 4287 λόγον
404 4210 438 4267 R.
458 4209 585 4266 Scottus:
610 4213 683 4286 λόγῳ
702 4208 724 4266 C
742 4208 772 4267 M
889 4214 931 4268 1⁷.
961 4207 1138 4287 ἀκειόμενον]
1156 4213 1323 4286 καλούμενον
1341 4209 1375 4266 R.

233 4305 354 4362 Scottus.
466 4306 506 4358 ¹9.
526 4305 603 4359 Ant.
621 4323 647 4360 v.
666 4305 736 4360 268:
754 4305 798 4372 σύμ
815 4304 844 4358 δ’
864 4303 935 4385 ἀρῇ
958 4306 1005 4360 καί
1022 4309 1179 4378 παραλίκνοι
1199 4302 1221 4361 C
1328 4306 1374 4360 λθ.

235 4400 334 4472 ίιίρησι
345 4397 427 4472 λύρην
438 4400 467 4453 6'
479 4401 535 4454 είπι
548 4394 587 4454 C:
605 4399 636 4452 σί
646 4417 697 4472 μιν
714 4399 771 4452 ιίπι
788 4399 913 4471 λέγεσθαι
929 4397 1031 4452 Aratus
1146 4399 1191 4454 22
1211 4401 1378 4472 σημαίνουσα
