3050 4988
536 311 768 370 rtotuunutts.
796 311 945 370 bencus.
1249 309 1311 374 297

175 481 379 565 positionibus
403 487 434 544 et
454 479 674 564 potestatibus,
698 487 729 544 et
752 480 948 563 cogitatione
980 487 1010 542 et
1036 482 1214 567 voluntate,
1247 489 1319 546 tan-

175 607 267 672 quam
298 589 470 653 commixtis
498 589 579 652 inter
609 603 645 652 se
679 589 802 653 amissio
839 595 870 652 et
897 588 1082 671 llonogenia
1113 597 1144 654 et
1177 591 1322 656 Veritatis

176 696 346 762 secundum
370 697 620 782 coniugationem
643 695 724 761 lacta
746 704 802 780 est,
828 714 907 779 quos
930 696 1054 778 quidem
1076 707 1167 781 typos
1190 706 1222 762 et
1242 699 1360 762 ime-ra

177 805 267 886 gines
291 803 417 868 duarum
442 804 558 868 illarum
582 803 812 886 dispositionum
846 803 944 868 Patris
972 807 1154 884 provenisse
1178 825 1218 869 ex
1241 807 1323 870 invi-

177 909 315 974 sibilibus
337 909 490 995 visibiles,
515 917 546 973 et
569 929 608 974 ex
631 908 796 976 Voluntate
819 910 940 992 quidam
961 911 1041 996 Nun,
1064 932 1104 976 ex
1127 913 1321 998 Cogitatione

178 1024 277 1082 autem
300 1018 475 1081 Veritatem.
530 1018 567 1081 lit
594 1017 634 1081 ob
657 1017 719 1080 boc
745 1017 940 1082 adventiciae
968 1018 1138 1084 Voluntatis
1169 1022 1321 1086 masculus

178 1130 226 1186 est
245 1124 368 1208 imago,
401 1130 580 1187 non-natae
606 1129 707 1186 autem
742 1123 945 1207 cogitationis
969 1125 1148 1210 femininus,
1178 1130 1322 1210 quoniam

177 1227 323 1291 Voluntas
346 1235 488 1310 tanquam
511 1236 649 1311 potestas
673 1230 771 1294 extitit
793 1230 1005 1314 Cogitationis.
1059 1233 1220 1315 cogitabat
1243 1236 1362 1300 enimao

179 1333 332 1416 Cogitatio
356 1353 480 1418 semper
505 1337 720 1419 emissionem,
750 1355 853 1418 neque
877 1344 975 1401 tamen
999 1340 1064 1421 ipsa
1086 1345 1207 1420 poterat
1232 1341 1324 1404 amit-

178 1447 245 1504 tere
267 1460 425 1526 peraeae,
446 1443 502 1507 sed
526 1443 699 1526 cogitabat;
726 1451 886 1525 postquam
915 1451 1017 1508 autem
1039 1443 1210 1506 Voluntatis
1232 1450 1324 1524 pote-

178 1554 243 1610 stas
266 1546 397 1630 advenit,
418 1553 491 1612 tunc
512 1546 595 1629 quod
618 1548 775 1631 cogitabat
797 1548 906 1612 emisit.

267 1652 318 1718 39.
362 1655 449 1718 Alius
473 1661 574 1719 autem
598 1672 706 1719 eorum
730 1657 878 1740 magister
901 1656 1040 1741 Marcus,
1075 1659 1212 1742 magicae
1238 1658 1325 1739 peri-

180 1768 240 1844 tus,
262 1762 369 1844 partim
399 1779 456 1844 per
478 1763 662 1844 praestigias
685 1780 859 1846 peragens,
882 1763 990 1844 partim
1025 1768 1125 1826 autem
1157 1763 1247 1826 ctiam
1271 1777 1362 1844 perat

182 1863 350 1928 daemones
382 1865 504 1948 decepit
534 1867 655 1932 multos.
711 1868 767 1931 llic
799 1866 921 1931 dicebat
950 1886 1021 1932 esse
1056 1871 1086 1930 iu
1113 1887 1148 1934 se
1178 1885 1324 1931 summam

180 1974 321 2036 virtutem
346 1973 384 2035 ab
407 1969 608 2038 invisibilibus
632 1981 663 2037 ct
684 1975 880 2039 innominatis
904 1975 981 2038 locis
1008 1973 1242 2039 redundantem.
1287 1974 1325 2038 Et

179 2099 275 2163 saepe
298 2079 442 2163 poculum
466 2099 591 2146 sumens
622 2089 766 2164 tanquam
796 2100 1003 2165 consecrans,
1037 2091 1068 2146 et
1101 2082 1223 2166 longius
1246 2099 1324 2164 pro-

180 2187 297 2250 ducens
319 2205 496 2254 sermonem
518 2190 723 2254 invocationis
746 2189 862 2274 effecit,
886 2196 918 2253 ut
941 2190 1071 2253 mixtura
1096 2207 1249 2272 purpurea
1266 2208 1324 2271 ap-

184 2304 308 2378 pareret
327 2302 358 2358 ct
378 2294 544 2377 aliquando
560 2297 664 2380 rubra,
686 2305 719 2359 ut
737 2300 939 2380 opinarentur
951 2299 988 2380 ii,
1011 2298 1062 2380 qui
1082 2296 1364 2381 decipiebantur‚ao

266 2491 340 2575 Gap.
368 2488 416 2575 ta,
443 2490 470 2556 1.
527 2493 563 2556 lli
591 2512 666 2558 vcro
690 2496 741 2576 qul
770 2504 841 2560 sunt
869 2497 951 2559 circa
982 2494 1188 2558 Ptolemaeum
1218 2496 1326 2558 scien*

180 2599 276 2662 tiores
299 2599 375 2662 duas
398 2601 548 2680 coniuges
571 2600 687 2664 babere
710 2621 778 2666 eom
800 2602 920 2685 Bython
951 2604 1072 2687 dieunt,
1104 2619 1180 2684 quas
1205 2609 1236 2665 et
1259 2603 1324 2666 dis-

182 2707 353 2789 positiones
375 2716 503 2790 vocant,
539 2708 689 2772 Ennoean
719 2717 750 2772 et
778 2709 932 2773 Tbelesin.
992 2709 1091 2772 Primo
1114 2711 1194 2772 enim
1223 2719 1326 2774 mente

182 2815 325 2896 concepit
347 2812 512 2895 quidquam
534 2816 691 2899 emittere,
723 2818 801 2880 sicut
823 2814 946 2900 dicunt,
982 2825 1049 2898 post
1081 2815 1193 2880 deinde
1222 2815 1324 2880 voluit.

181 2921 376 3004 Quapropter
398 2921 519 2985 duobus
543 2921 590 2984 bis
612 2921 773 2986 alloctibus
799 2929 830 2987 et
852 2922 1027 3008 virtutibus,
1047 2922 1078 2987 id
1102 2931 1157 3008 ost,
1181 2923 1326 2988 Ennoaas

182 3034 214 3092 et
235 3029 404 3094 Tbeleseos
438 3030 520 3093 velut
551 3031 722 3092 commixtis
754 3031 784 3092 in
812 3031 963 3112 invicem,
993 3031 1117 3095 emissio
1140 3030 1328 3114 llonogenis

181 3141 212 3200 et
235 3135 396 3200 Aletbeiae
418 3135 588 3200 secundum
612 3137 861 3220 coniugationem
884 3139 963 3202 lacta
987 3144 1049 3224 est,
1083 3155 1161 3219 quos
1184 3146 1274 3221 typos
1297 3145 1328 3201 et

181 3244 332 3328 imagines
362 3244 488 3308 duorum
517 3243 681 3334 allectuum
712 3245 807 3309 Patris
840 3263 986 3330 egressus
1018 3263 1104 3328 csse,
1134 3245 1327 3308 invisibilium

181 3349 330 3435 visibileS‚
352 3349 538 3414 Tbelematis
561 3351 684 3432 quidem
706 3351 785 3432 Nun,
806 3352 952 3417 Ennaeas
975 3361 1076 3416 autem
1099 3350 1273 3433 Aletbeiam
1297 3357 1328 3413 et

179 3465 308 3542 propter
329 3457 390 3521 boo
413 3456 606 3522 adventiciae
628 3459 799 3522 Voluntatis
822 3459 975 3522 masculus
999 3465 1047 3522 est
1068 3461 1180 3543 imago,
1203 3461 1328 3524 innatae

181 3583 257 3631 vero
278 3565 429 3630 Ennoeae
452 3565 623 3648 femininus,
657 3569 800 3648 quoniam
831 3565 980 3628 Voluntas
1008 3564 1092 3628 velut
1123 3567 1216 3630 virtus
1248 3567 1327 3630 lacta

181 3678 229 3736 est
262 3672 420 3737 Ennoeae.
486 3671 649 3755 cogitabat
684 3674 764 3734 enim
793 3671 923 3736 Ennoea
962 3690 1085 3755 semper
1122 3673 1327 3758 emissionem,

181 3786 369 3843 nontamen
392 3781 533 3843 emittere
558 3780 624 3862 ipsa
648 3797 704 3861 per
725 3781 921 3861 semetipsam
945 3787 1065 3863 potarat
1093 3799 1174 3863 quae
1203 3783 1327 3865 cogita-

181 3884 245 3968 bat,
269 3902 338 3948 cum
363 3892 465 3948 autem
489 3885 661 3949 Voluntatis
685 3887 780 3950 virtus
804 3885 943 3970 advenit,
966 3894 1039 3953 tunc
1062 3889 1145 3970 quod
1169 3889 1327 3973 cogitabat

182 3994 291 4056 emisit.

180 4205 320 4278 apportata
338 4201 360 4258 C
378 4203 407 4258 Μ
522 4205 567 4257 29.
587 4201 652 4280 inei]
673 4205 716 4258 ini
734 4201 756 4258 G
775 4202 804 4259 Μ
894 4205 940 4260 30.
955 4203 1108 4277 Ἐνενοεῖτο]
1124 4207 1239 4260 broceio
1258 4203 1279 4259 C
1297 4201 1328 4259 M

181 4299 226 4352 33.
244 4297 289 4352 33.
309 4298 442 4369 ἐπεγένετο
462 4295 648 4366 supplevimus
667 4313 701 4350 ex
717 4293 833 4350 irenaeo
915 4297 960 4352 33.
981 4295 996 4351 ὃ
1016 4298 1077 4353 add.
1090 4295 1121 4352 M
1202 4298 1246 4350 34.
1266 4313 1326 4369 sqq.

182 4385 226 4444 Cl.
244 4386 316 4442 iren.
335 4407 358 4443 c.
378 4391 450 4442 laer.
470 4386 492 4454 l,
514 4389 555 4443 13.
576 4406 603 4459 p.
623 4390 657 4443 59
673 4405 732 4461 sqq.
754 4386 797 4441 cd.
818 4389 937 4442 Mmruet.
1025 4390 1070 4444 35.
1090 4387 1207 4459 ἐνεργῶν
1224 4384 1326 4444 Christ.

183 4477 335 4536 Paternum
355 4480 452 4553 δώρων
471 4478 494 4537 C
510 4477 540 4536 lt
664 4481 710 4535 37.
730 4475 994 4552 maravanorum
