3006 4976
234 276 300 342 158
343 277 380 362 (ρ.
403 283 474 340 ιιι.
499 277 580 360 ιιι.)
688 237 692 242 “
716 279 811 338 ποτε
832 279 865 352 v,
888 281 918 338 ε.

225 455 376 534 ματικοτς
397 451 450 508 καί
472 454 595 531 νοεροτς
614 443 742 520 τελείοις
759 441 957 530 ἀνθρώποις.
1014 445 1152 522 Λέγουσι
1174 441 1210 506 δὲ
1230 441 1263 506 οἳ
1285 443 1380 528 Φρύ-

196 575 285 631 εογες
306 556 416 616 τοῦτον
437 551 535 616 αδτδν
557 556 611 615 καί
631 555 759 628 νέκυν,
790 549 887 616 οἱονεὶ
913 551 950 615 έν
969 551 1107 636 μνήματι
1129 555 1184 614 καὶ
1206 552 1300 638 τάφῳ
1322 551 1380 632 έγ-

234 663 513 746 κατορωρυγμένον
530 659 566 723 έν
583 663 627 745 τῷ
649 659 778 743 σάματι.
831 661 949 734 Τούτο,
973 661 1085 743 φησίν,
1108 657 1172 721 dmi
1192 657 1227 720 ιδ
1248 657 1378 742 είρημέ-

120 839 124 852 ,
233 789 308 832 νον·
335 768 464 852 Τάφοι
485 767 567 831 ἐστὲ
588 769 871 848 κεκονιαμένοι,
892 767 1084 848 γέμοντες,
1104 768 1210 850 φησίν,
1225 764 1381 828 ἔσωθεν

234 873 376 938 ἀστέων
396 877 553 960 νεκρῶν,
576 873 623 938 δτι
647 872 705 938 ούκ
727 873 809 936 ἔσαν
829 872 865 936 έν
886 869 963 955 ὑμίν
984 872 1163 958 ἄνθρωπος
1183 871 1201 935 δ
1222 869 1297 944 ζῶν·
1320 877 1379 935 καὶ

234 980 349 1057 πάλιν,
379 983 490 1066 φησίν,
522 979 753 1058 έξαλούνται
780 980 821 1074 έκ
848 983 919 1042 τῶν
946 981 1142 1063 μνημείων
1168 974 1204 1042 οἱ
1232 982 1378 1065 νεκροί,

197 1091 388 1168 ςςτουτέστιν
409 1088 445 1152 έκ
466 1091 529 1152 τῶν
551 1088 705 1171 σωμάτιον
726 1089 789 1151 τῶν
800 1091 916 1168 χοίκῶν
929 1085 1199 1171 ἀναγεννηθέντες
1211 1085 1378 1170 πνευμαΙ-

233 1199 322 1272 τικοί,
347 1193 387 1260 οδ
406 1198 559 1281 σαρκικοί.
608 1194 712 1279 Αὕτη,
732 1198 844 1280 φησίν,
867 1194 949 1257 έσάν
970 1193 989 1278 ἦ
1012 1193 1183 1268 ἀνάστασις
1204 1192 1223 1278 ἡ
1245 1192 1301 1256 διά
1323 1198 1379 1278 τῆς

233 1302 335 1388 πύλης
355 1305 504 1388 γινομένη
525 1305 588 1365 τῶν
605 1301 773 1386 ούρανῶν,
806 1300 847 1365 δι’
867 1297 905 1386 ἧς
927 1300 958 1366 οἱ
978 1301 1022 1387 μη
1043 1300 1255 1377 εἰσελθόντες,
1284 1304 1376 1386 φησί,

233 1411 350 1484 πάντες
364 1413 494 1492 μένουσι
516 1411 629 1494 νεκροί.
686 1405 727 1471 Οἳ
746 1407 782 1472 δὲ
803 1406 912 1484 αύτοί,
937 1410 1033 1493 φησί,
1058 1407 1180 1494 Φρύγες
1201 1409 1256 1472 τὸν
1277 1407 1380 1472 αδ-τδν

233 1520 344 1581 τοῦτον
365 1516 465 1582 πάλιν
487 1516 522 1578 έκ
543 1514 717 1601 μεταβολῆς
738 1514 862 1614 λέγηυσι
885 1516 989 1578 θεόν.
1044 1517 1168 1580 Γίνεται
1190 1513 1262 1598 γάρ,
1286 1517 1376 1599 φησί,

198 1613 329 1700 εοθεύς,
361 1623 439 1687 ὅταν
467 1623 503 1687 έκ
531 1626 652 1708 νεκρῶν
681 1620 822 1697 άναστάς
852 1620 907 1685 διά
936 1625 989 1707 τῆς
1009 1622 1152 1707 τοιαύτης
1173 1622 1273 1709 πύλης
1294 1622 1379 1685 ἀσε-

234 1729 375 1795 λεύσεται
397 1731 443 1806 είς
464 1732 518 1796 τδν
540 1730 690 1816 οδρανύυ.
745 1731 886 1814 Ταύτην,
923 1733 1014 1815 φησί,
1043 1728 1098 1814 τὴν
1118 1727 1223 1814 πύλην
1243 1727 1380 1804 Παῦλος

234 1837 322 1902 ὀίδεν
352 1837 369 1901 δ
400 1836 594 1913 ἀπόστολος,
626 1839 827 1923 παρανοίξας
854 1835 890 1900 έν
917 1839 1073 1922 μυστηρίῳ
1096 1839 1151 1899 καί
1170 1835 1284 1899 είπῶν·
1313 1834 1378 1920 ἤρ-

168 2009 172 2020 ,
235 1944 389 2008 πάσθαι
410 1942 484 2008 ύπδ
507 1942 688 2024 ἀγγέλου,
715 1948 779 2008 καί
799 1946 1001 2025 γεγονέναι
1023 1945 1091 2018 έως
1112 1941 1291 2030 δευτέρου
1313 1950 1379 2007 καί

235 2053 360 2136 τρίτου
390 2048 558 2136 ούρανοῦ
586 2050 642 2125 είς
665 2050 729 2114 τὸν
750 2048 991 2137 παράδεισον
1013 2046 1144 2126 αύτύν,
1174 2056 1238 2113 καὶ
1259 2048 1380 2136 ἑωρα-

201 2161 345 2225 εεκέυαι
368 2159 390 2220 ἀ
417 2157 574 2244 δῶρακε,
606 2163 669 2221 καί
691 2155 903 2245 ἀκηκοέναι
926 2157 1074 2243 ῥήματα
1097 2157 1243 2244 ἄρρητα
1265 2158 1288 2221 ἀ
1310 2154 1380 2222 οδκ

237 2259 325 2338 έξδν
346 2259 545 2348 ἀνθρώπῳ
566 2262 702 2326 είπείν.
757 2262 869 2326 Ταῦτά
889 2261 970 2337 ἔστι,
994 2262 1087 2346 φησί,
1108 2261 1147 2324 τοὶ
1170 2261 1291 2347 ἀρρηια
1312 2260 1380 2326 ύπδ

235 2368 366 2432 πάντων
386 2367 541 2452 λεγόμενα
562 2371 725 2456 μυστήρια,
760 2369 782 2433 ἀ
813 2370 895 2456 [καί
922 2368 1139 2455 λαλοῦμεν]
1171 2368 1239 2434 οδκ
1260 2369 1301 2433 έν
1322 2369 1381 2433 δι-

238 2474 395 2551 δακτοίς
414 2475 667 2563 ἀνθρωπίνης
695 2481 837 2563 σοφίας
858 2477 1000 2557 λόγοις,
1025 2475 1104 2542 ἀλλ’
1124 2476 1166 2541 έν
1184 2476 1381 2552 διδακτοῖς

237 2583 462 2667 πνεύματος,
477 2595 751 2668 πνευματικοῖς
764 2585 1002 2668 πνευματικά
1015 2587 1292 2667 συγκρίνοντες,
1305 2593 1381 2669 ψυ-

200 2690 341 2772 εηχικδς
367 2690 408 2754 δὲ
436 2691 650 2778 ἄνθρωπος
679 2690 723 2756 ού
753 2687 903 2773 δέχεται
925 2691 969 2754 τά
990 2693 1054 2756 τού
1075 2691 1291 2773 πνεύματος
1312 2694 1380 2754 τού

237 2800 347 2874 θεοῦ,
378 2800 503 2884 μωρία
528 2801 600 2885 γάρ
623 2796 725 2886 αὐτῷ
747 2800 837 2875 έστί,
867 2803 922 2862 καί
942 2797 1041 2862 ταῦτά
1063 2812 1160 2883 φησιν
1180 2797 1243 2861 έσιί
1262 2797 1301 2860 τά
1323 2801 1380 2860 τοῦ

236 2905 415 2988 πνεύματος
447 2905 568 2992 ἀρρητα
598 2907 762 2993 μυσοήρια,
791 2903 925 2992 ἀῆμετς
946 2907 1036 2988 ίσμεν
1056 2905 1160 2988 μόνοι.
1202 2908 1283 2989 Περί
1305 2903 1381 2968 τού-

236 3033 308 3088 των,
332 3014 437 3097 φησίν,
459 3015 582 3098 εἴρηκεν
603 3011 620 3075 δ
644 3014 759 3100 σωτήρ·
794 3011 926 3089 ούδείς
945 3012 1107 3078 δύναται
1129 3011 1264 3077 έλθετν
1283 3012 1380 3098 πρός

236 3141 299 3200 με,
323 3118 393 3182 έάν
413 3119 462 3206 μή
483 3142 568 3184 τινα
589 3119 724 3210 ἑλκύση
747 3119 768 3184 δ·
788 3121 913 3207 πατήρ
926 3141 1007 3204 ’μου
1023 3117 1041 3182 δ
1055 3116 1248 3205 ούράνιος.
1281 3117 1381 3182 Πάνυ

200 3224 318 3310 ευγάρ,
351 3229 446 3311 φησί,
480 3224 636 3291 δύσκολον
663 3226 727 3290 ἐστὶ
756 3225 1010 3314 παραδέξασθαι
1031 3230 1086 3288 καί
1107 3225 1218 3308 λαβεῖν
1238 3225 1272 3288 τδ
1295 3226 1380 3307 μέγα

237 3333 327 3396 τοῦτο
347 3335 402 3394 καὶ
422 3333 559 3419 ἄρρητον
579 3334 758 3420 μυστήριον.
804 3339 867 3398 Καὶ
884 3333 993 3410 πάλιν,
1018 3336 1124 3419 φησίν,
1146 3331 1299 3420 εἴρηκενδ
1315 3349 1381 3396 σω-

237 3437 306 3523 τήρ·
329 3435 374 3502 οδ
394 3443 470 3514 πάς
491 3439 509 3504 δ
531 3439 652 3521 λέγων
672 3463 737 3524 μοι
759 3441 880 3530 κύριε,
904 3441 1024 3525 κύριε,
1047 3438 1302 3504 εἰσελεύσεται
1323 3440 1381 3514 είς

237 3543 302 3629 τὴν
322 3544 524 3627 βασιλείαν
544 3550 616 3611 τῶν
638 3548 828 3635 ούρανῶν,
863 3547 946 3612 ἀλλ’
974 3547 992 3611 δ
1022 3552 1143 3612 ποιῶν
1163 3545 1379 3630 τδθέλημα

237 3653 300 3714 τού
323 3653 466 3740 πατρός
486 3676 559 3738 μου
581 3659 645 3720 τοῦ
667 3655 708 3720 έν
729 3666 807 3731 τοϊς
828 3654 1019 3739 οδρανοίς.
1065 3652 1379 3739 Ὀδείποιήσαντας,

201 3755 308 3840 εοοδχί
330 3757 528 3837 ἀκούσαντας
545 3763 657 3845 μόνον,
689 3764 735 3838 είς
755 3763 810 3848 την
830 3761 997 3846 βασιλείαν
1017 3760 1176 3825 είσελθείν
1196 3764 1258 3824 τῶν
1280 3758 1381 3844 ούρα-
1424 3761 1427 3768 ’

238 3869 313 3930 νῶν.
358 3871 421 3930 Καὶ
432 3867 541 3945 πάλιν,
562 3873 668 3956 μησίν,
690 3872 825 3956 εἴρηκεν·
847 3867 885 3933 οἳ
904 3867 1066 3932 τελῶναι
1087 3871 1151 3930 καὶ
1172 3864 1213 3929 αἲ
1235 3865 1380 3949 πόρναι

237 3972 486 4059 προάγουσιν
506 3974 610 4059 ύμάς
631 3977 692 4052 είς
716 3977 788 4062 την
808 3974 1036 4059 βασιλείαν
1066 3979 1138 4037 τῶν
1169 3967 1379 4057 οδρανῶν.

309 4117 353 4170 60.
373 4117 416 4170 61.
436 4111 671 4190 ίγκατωρογμὲνον
690 4115 712 4173 C
729 4116 759 4172 M
851 4119 894 4173 62.
915 4119 958 4172 63.
979 4114 1020 4171 Cf.
1040 4114 1137 4172 Matth.
1156 4117 1200 4180 23,
1218 4116 1262 4168 27.
1284 4113 1381 4186 ὅμοιά-

239 4208 288 4270 ζετε
306 4205 400 4275 τύηοις
416 4210 623 4280 κεκονιαμένοις,
648 4211 741 4270 οἵτινες
760 4211 862 4271 ἔξωθεν
879 4210 931 4281 μέν
950 4214 1092 4280 ηαίνονεαι
1111 4207 1215 4278 ῶραίοι,
1234 4209 1335 4259 ἔσωθεν
1351 4205 1381 4258 δὲ

238 4301 368 4372 γέμουσιν
386 4299 483 4354 δοκίων
502 4302 603 4378 νεκρῶν
620 4303 666 4354 καὶ
685 4302 771 4368 πάσης
788 4301 965 4370 ἀκαθαρσίας.
1082 4301 1126 4355 64.
1157 4296 1199 4351 Cf.
1218 4295 1314 4352 Matth.
1335 4298 1381 4362 27,

238 4390 282 4444 52.
303 4391 347 4445 5³.
366 4391 412 4444 καὶ
430 4391 460 4445 εά
478 4395 596 4465 μνημεῖα
615 4391 798 4478 ἀνεῴχθησαν,
821 4393 867 4446 καὶ
885 4392 969 4446 πολλὰ
987 4391 1097 4464 στύματα
1114 4389 1165 4444 τῶν
1181 4389 1383 4461 κεκοιμημένων
