3050 4988
208 263 272 330 370
317 259 529 346 (μειειεο.)
677 265 773 324 unna
795 265 853 340 vu,
875 267 927 324 ιι.

208 430 317 494 πόσαι
338 431 392 492 καὶ
409 426 661 513 διορθώσασθαι
683 431 738 492 καί
759 427 921 492 τελειῶσαι
943 425 999 502 τδς
1020 424 1131 512 ψυχάς
1151 421 1237 488 κάτω
1259 425 1358 510 φῦσιν

170 533 344 616 θῦέχοόσας
377 537 485 620 μένειν
512 536 549 599 έν
577 535 674 622 τούτῳ
705 539 749 621 τῷ
778 535 973 620 διαστήματι.
1025 535 1159 619 Μέχρι
1186 536 1258 614 μὲν
1285 529 1357 596 οὖν

209 642 392 715 Μωσέως
422 637 647 723 α’πδἎδάμ
679 638 947 722 ἐβασίλευσεν
974 637 992 724 ή
1022 637 1216 724 ἁμαρτία,
1245 637 1359 711 καθώς

208 749 397 832 γέγραπται·
419 744 601 830 ἐβασίλευσε
622 747 685 830 γάρ
702 744 719 810 ό
737 748 837 830 μέγας
850 743 990 831 άρχωνδ
1007 743 1089 826 ἔχων
1104 745 1139 808 τό
1156 743 1244 818 τέλος
1259 741 1358 807 αὐτοῦ

208 855 299 939 μέχρι
322 854 550 942 στερεοίματος,
582 851 718 937 νομίζων
740 850 835 928 αότδς
855 853 938 916 εἶναι
960 853 1040 926 θεός
1059 849 1176 936 μόνος,
1200 854 1255 914 καὶ
1276 849 1357 934 ὑπὲρ

210 960 309 1027 αδιδν
321 962 405 1027 είναι
417 960 526 1048 μηδέν,
549 959 732 1044 πάνταγὰρ
748 957 787 1046 ἦν
802 959 1030 1046 φυλασσόμενα
1046 958 1226 1046 α’ποκρόφηι
1244 961 1359 1048 σιωπή.

173 1078 205 1130 85
216 1074 338 1148 Τοῦτο,
362 1073 473 1156 φησίν,
495 1069 559 1134 ἐστὶ
579 1069 613 1132 οδ
635 1067 815 1154 μυστήριον,
839 1069 858 1133 ῦ
878 1078 947 1143 ταῖς
967 1071 1136 1154 προτέρως
1156 1077 1279 1147 γενεαῖς
1300 1064 1359 1130 οῦκ

211 1177 408 1264 ἐγνωρίσθη,
440 1176 526 1241 άλλά
548 1173 588 1262 ήν
609 1175 646 1240 έν
666 1176 797 1251 έκείνοις
817 1187 882 1250 τοῖς
902 1174 1027 1261 χρόνοις
1050 1173 1199 1258 βασιλεῦς
1226 1178 1281 1238 καὶ
1302 1173 1360 1238 κό-

213 1307 281 1372 ριος
303 1283 346 1360 οίς
367 1282 471 1348 έδόκει
493 1285 556 1348 τιῦν
577 1282 664 1348 όλων
686 1280 820 1366 όμέγας
841 1283 960 1369 ἄρχων,
978 1281 997 1369 ή
1014 1280 1142 1362 δγδοάς.
1178 1280 1239 1346 Ἠν
1253 1281 1289 1347 δὲ
1307 1289 1361 1346 καὶ

212 1389 324 1456 τοῦτον
353 1395 409 1456 τοῦ
439 1389 649 1476 διαστήματος
681 1389 830 1472 βασιλεὺς
863 1394 917 1454 καὶ
950 1389 1057 1476 κόριος
1077 1389 1096 1476 ή
1119 1388 1259 1472 ἕβδομός
1263 1437 1276 1468 ,
1306 1395 1361 1452 καὶ

213 1499 297 1564 ἔστιν
318 1497 338 1586 ή
359 1502 419 1583 μὲν
440 1497 559 1579 δγδοδς
579 1499 729 1585 άρρητος,
754 1496 849 1584 ῥητόν
870 1497 907 1562 δὲ
929 1496 948 1584 ή
971 1497 1121 1583 έβδυμάς.
1166 1493 1268 1574 Οὗτος
1286 1497 1360 1574 ἐστί,

176 1609 321 1694 οοφησίν,
344 1605 363 1669 ό
385 1609 437 1692 τῆς
459 1604 638 1688 ἑβδομάδος
660 1605 769 1689 ἄρχων
791 1603 808 1668 δ’
826 1603 968 1691 λαλήσας
982 1607 1025 1692 τῷ
1041 1609 1168 1695 Μωῦσή
1182 1610 1236 1668 καί
1246 1605 1360 1668 είπιόν·

210 1713 301 1793 Ἐγώ
331 1711 470 1788 δθεδς
493 1710 664 1798 Ἀβραάμ
694 1715 761 1775 καί
789 1710 921 1776 Ἰσαάκ
949 1711 1192 1796 καὶἸακιόβ,
1222 1718 1288 1777 καί
1319 1715 1361 1778 τό

214 1821 342 1904 ὄνομα
355 1823 421 1884 τοῦ
441 1822 543 1884 θεοῦ
566 1818 635 1882 οόκ
657 1817 843 1904 ἐδήλωσα
865 1818 1000 1896 αὐτοῖς
1022 1819 1137 1905 (οὕτως
1150 1823 1212 1907 γάρ
1225 1819 1361 1884 θέλουσι

213 1928 433 2014 γεγράφθαι),
455 1929 589 1991 τουτέστι
609 1930 665 1992 τοῦ
687 1923 824 2014 άρρήτου
846 1931 898 2013 τῆς
920 1925 1081 2007 δγόοάόος
1101 1928 1253 2012 ἄρχοντος
1269 1930 1362 1992 θεοῦ.

216 2035 339 2110 Πάντες
360 2032 418 2100 οῦν
440 2031 470 2098 οἱ
492 2037 655 2121 προφῆται
678 2033 709 2098 οἱ
731 2035 794 2122 πρό
822 2038 878 2098 τοῦ
905 2039 1055 2122 σωτῆρος,
1086 2038 1200 2121 φησίν,
1236 2036 1365 2099 ἐκεῖθεν

179 2141 385 2228 οοέλάλησαν.
435 2139 522 2206 Ἐπεὶ
551 2138 609 2205 οὖν
643 2139 708 2206 ἔδει
737 2139 1037 2228 ἀποκαλυφθῆναι,
1072 2145 1184 2228 φησίν,
1213 2140 1298 2226 ἡμᾶς
1323 2141 1362 2205 τά

217 2254 310 2316 τέκνα
324 2255 380 2315 τοῦ
396 2252 493 2328 θεοῦ,
515 2251 519 2335 Ι
538 2252 611 2336 περὶ
633 2245 679 2314 osv
701 2249 854 2334 ἐστέναξε,
878 2253 983 2336 φησίν,
1006 2247 1025 2336 ή
1048 2253 1143 2324 κτίσις
1165 2253 1217 2312 καί
1238 2249 1363 2326 ὤδινεν,

185 2377 187 2382 ’
219 2356 456 2442 άπεκδεχομένη
493 2356 549 2441 τήν
580 2354 808 2445 ἀποκάλυψιν,
842 2355 925 2443 ἦλθε
956 2357 991 2422 τδ
1020 2353 1206 2437 εὐαγγέλιον
1235 2357 1280 2434 εἰς
1309 2358 1365 2422 τόν

216 2466 351 2551 κόσμον,
375 2469 429 2528 καὶ
450 2462 568 2549 διήλθε
590 2462 645 2526 διά
667 2464 772 2550 πάσης
793 2464 893 2550 άρχής
920 2468 975 2527 καὶ
1001 2463 1148 2541 ἐξουσίας
1177 2468 1231 2528 καὶ
1252 2461 1365 2550 κυριό-

215 2595 302 2659 τητος
328 2577 383 2637 καὶ
396 2571 515 2646 παντὸς
535 2569 691 2654 ὀνόματος
712 2569 963 2654 ὀνομαζομένου·
986 2567 1071 2657 ήλθε
1093 2570 1129 2634 δὲ
1151 2569 1271 2649 ὅντως,
1293 2574 1366 2635 καί-

194 2695 278 2764 1περ
299 2677 396 2744 οὐδὲν
417 2677 579 2764 κατῆλθεν
606 2678 756 2756 ἄνωθεν,
793 2675 869 2741 οδδὲ
899 2678 1005 2763 ἐξέστη
1036 2675 1056 2763 ἧ
1084 2680 1229 2764 μακαρία
1262 2674 1366 2764 υἶότης

218 2787 339 2854 ἐκείνου
360 2789 416 2852 τοῦ
438 2784 647 2872 δπερινοήτου
670 2790 724 2849 καί
744 2788 905 2870 μακάρων
928 2783 987 2850 οῦκ
1010 2786 1101 2861 ὄντος
1122 2789 1215 2850 θεοῦ.
1262 2785 1364 2849 Ἀλλά

216 2893 278 2981 γάρ
300 2894 454 2977 καθάπερ
483 2891 662 2978 δνάφθας
691 2891 867 2971 δίνδικός,
902 2892 1021 2978 όφθεῐς
1047 2893 1149 2976 μόνον
1179 2891 1247 2959 άπδ
1275 2893 1365 2959 πάνυ

217 3000 342 3067 πολλοῦ
375 2999 584 3086 διαστήματος
617 2998 769 3064 συνάπτει
805 3003 882 3086 πῦρ,
918 2999 998 3064 οῦτω
1029 2998 1179 3064 κάτωθεν
1212 2999 1280 3065 άπδ
1311 3005 1366 3087 τῆς

196 3107 385 3195 οάμορφίας
417 3111 472 3172 τοῦ
507 3110 612 3194 σωροῦ
642 3105 805 3194 διήκουσιν
833 3105 870 3171 αἳ
896 3106 1047 3190 δυνάμεις
1076 3109 1185 3194 μέχρις
1212 3109 1281 3172 άνω
1311 3112 1364 3194 τῆς

218 3213 368 3301 οἶότητος.
406 3214 514 3278 ’Λπτει
535 3215 677 3301 μὲνγὰρ
701 3220 755 3279 καὶ
785 3213 943 3300 λαμβάνει
973 3219 1011 3278 τά
1037 3215 1181 3302 νοήματα
1209 3218 1290 3280 κατά
1312 3216 1368 3279 τόν

218 3321 359 3406 νάφθαν
387 3323 442 3386 τόν
470 3320 608 3399 ίνδικόν,
640 3319 710 3387 οίον
741 3322 860 3409 άφθας
891 3346 936 3398 τις
965 3325 1011 3388 ιῦν
1033 3321 1051 3386 ό
1074 3325 1129 3388 τοῦ
1149 3321 1291 3406 μεγάλου
1313 3327 1366 3410 τῆς

219 3427 380 3510 δγόοάδος
401 3429 553 3514 ἄρχοντος
574 3428 643 3505 υίὸς
672 3427 739 3494 άπδ
768 3434 821 3516 τῆς
848 3429 926 3514 μετά
956 3429 990 3493 τδ
1019 3427 1178 3516 μεθόριον
1204 3434 1367 3518 μακαρίας

219 3535 366 3624 υίότητυς.
403 3536 447 3600 Ἡ
462 3540 525 3624 γάρ
548 3537 584 3602 έν
604 3540 690 3624 μέσφ
712 3541 768 3602 τοῦ
790 3537 884 3618 άγίου
906 3535 1086 3621 πνεύματος
1105 3537 1141 3602 έν
1161 3543 1204 3626 τῷ
1219 3542 1364 3626 μεθορίῳ

184 3649 273 3730 ιοτής
292 3640 433 3730 υίότητος
455 3643 591 3729 δύναμις
613 3642 726 3730 ῥέοντα
749 3648 803 3708 καὶ
826 3644 988 3731 φερόμενα
1009 3643 1048 3708 τά
1069 3643 1214 3731 νοήματα
1227 3648 1280 3732 τῆς
1297 3641 1367 3710 υἱό-

217 3773 305 3838 τιγιος
324 3750 516 3836 μεταδίδωσι
536 3754 580 3840 τῷ
601 3748 662 3841 νίῷ
683 3756 739 3817 τοῦ
760 3752 900 3838 μεγάλου
923 3753 1084 3838 ἄρχοντος.

290 3950 335 4004 79.
353 3945 434 4024 κάτω]
454 3951 519 4006 κατὰ
539 3947 616 4005 GM:
635 3950 680 4014 τάς
691 3949 848 4007 Βυιιοεοίυι
962 3953 1008 4007 80.
1028 3951 1073 4006 81.
1086 3947 1128 4005 Cf.
1143 3949 1221 4006 Rom.
1234 3953 1259 4016 5,
1273 3952 1367 4012 1814.

219 4045 283 4117 ἄχρι
307 4041 362 4114 γάρ
389 4041 475 4113 νόμου
500 4041 618 4115 ἁμαρτία
644 4037 677 4111 ἦν
700 4047 729 4098 ἐν
755 4045 847 4119 κόσμῳ
868 4083 874 4098 .
895 4081 901 4096 .
922 4083 928 4098 .
948 4043 1004 4098 ἀλλ’
1035 4045 1199 4113 ἐβασίλευσεν
1218 4044 1231 4098 ό
1250 4044 1369 4104 θάνατος

219 4135 273 4191 άπὸ
290 4134 374 4208 Ἀδὰμ
392 4136 473 4208 μέχρι
491 4137 627 4197 Μωόσὲως
643 4155 668 4190 κ.
688 4156 707 4191 τ.
726 4139 750 4192 λ.
866 4137 911 4192 85.
929 4136 974 4191 86.
995 4133 1128 4189 ΑΙΙυόετε
1148 4135 1275 4190 videntur
1285 4135 1367 4192 verba

219 4228 253 4283 ιδ
273 4224 381 4282 colon.
400 4228 427 4292 2,
445 4228 462 4282 3
481 4227 548 4292 etl,
567 4229 612 4282 26.
631 4230 677 4283 27.
751 4229 796 4284 89.
820 4227 908 4300 ῥητὸν]
928 4227 1002 4300 ῥητὰς
1018 4225 1177 4282 Βυοεεοίοι
1259 4229 1303 4281 91.
1323 4229 1368 4282 92.

220 4318 263 4375 Cf.
282 4307 389 4376 21108.
410 4321 434 4385 6,
452 4321 479 4373 2.
500 4321 526 4374 3.
542 4317 616 4393 ’Kyta'
630 4321 736 4393 κύριος,
755 4321 802 4376 καί
820 4320 918 4392 ιόφθην
936 4319 1004 4392 πρὸς
1018 4320 1138 4394 Ἀβραὰμ
1155 4321 1201 4375 καὶ
1218 4320 1304 4374 Ἰσαὰκ
1322 4324 1370 4376 καὶ

216 4408 323 4482 Ίακόβ,
348 4411 411 4475 θεός
434 4413 473 4466 ιῦν
497 4413 596 4477 αὐτῶν,
625 4413 672 4467 καί
699 4413 726 4468 τὸ
747 4413 835 4487 ὄνομά
854 4433 909 4486 μου
927 4413 1047 4485 κόριος
1064 4413 1113 4468 οῦκ
1130 4414 1246 4480 έδήλωοιι
1270 4415 1370 4480 αὐτοῖς.
