3052 4984
368 348 555 408 nonotntls.
572 349 769 410 atellanus.
806 349 1043 412 fltnnotsttntts
1208 346 1273 414 ⁴33

123 518 307 597 reppererit.
362 517 445 582 llaec
478 518 571 600 igitur
602 517 664 600 illi,
698 519 807 599 quibua
835 535 899 582 non
934 537 1011 600 opus
1043 518 1192 584 babemus
1223 539 1272 601 aa,

124 639 208 702 quaa
239 621 320 704 apud
349 621 487 688 Graecos
520 631 611 689 antea
637 624 782 690 meditata
813 631 900 710 sunt,
922 626 1005 690 iuxta
1030 643 1166 708 ponere,
1202 644 1272 689 cum

125 735 251 808 aperta,
274 747 354 810 quac
376 730 415 794 ab
437 731 473 794 ils
500 729 659 816 dicuntur,
683 732 822 813 prolecta
845 732 906 798 sint
928 752 969 798 ex
990 735 1182 818 geometrica
1205 727 1313 803 antea'

124 841 158 896 et
179 833 384 920 arithmetica,
405 855 495 918 qnam
516 837 711 922 Pythagorae
734 838 874 922 discipuli
895 841 1026 922 gnavius
1050 847 1273 922 exposuerunt,

124 943 216 1008 sicuti
236 941 363 1008 lectuna
385 962 581 1026 cognoscere
600 945 673 1012 licet
694 947 725 1011 in
747 947 842 1029 locis,
872 946 982 1030 qulbus
1011 953 1101 1012 antea
1131 946 1172 1010 de
1199 946 1274 1009 uni-

123 1066 216 1114 versa
243 1052 393 1132 sapientia
427 1051 614 1120 Graecorum
644 1053 842 1120 commentati
871 1072 985 1118 sumus.
1038 1055 1189 1128 Quoniam
1213 1072 1273 1118 au-

124 1160 186 1218 tem
209 1162 240 1220 ct
261 1155 409 1223 Monoimi
431 1160 571 1226 doctrina
593 1163 668 1230 setis
691 1169 841 1246 coarguta
865 1169 930 1245 est,
959 1161 1134 1245 videamus,
1171 1179 1270 1243 quaa-

125 1279 196 1326 nam
220 1269 251 1328 et
274 1263 384 1347 reliqui
407 1269 678 1336 comminiscantur
699 1269 822 1334 sibimet
844 1269 918 1352 ipsis
940 1287 1053 1334 nomen
1076 1287 1187 1334 vanum
1210 1285 1310 1334 err-to

123 1367 234 1434 tollore
256 1373 425 1454 cupientes.

214 1475 264 1543 16.
309 1478 453 1546 Tatianus
475 1490 591 1569 autem,
619 1503 687 1548 cum
719 1494 750 1550 et
770 1485 836 1566 ipsc
859 1483 1024 1567 discipulus
1054 1481 1190 1548 extiterit
1216 1481 1272 1545 lu-

122 1583 194 1648 stini
218 1587 376 1670 marigilo,
399 1588 481 1655 baud
503 1591 673 1656 consimilia
696 1599 788 1674 atquc
811 1593 958 1676 magister
980 1592 1085 1675 sensit,
1108 1589 1165 1653 sed
1189 1608 1270 1654 nova

122 1692 274 1773 quaedam
298 1703 428 1760 conatus
451 1697 526 1762 dixit
548 1716 666 1764 aeones
689 1696 839 1779 quosdam
862 1696 1030 1762 invisibiles
1059 1696 1196 1760 similiter
1219 1703 1271 1759 at-

121 1817 183 1880 que
206 1800 408 1867 Valentiniani
432 1805 625 1890 conlingans.
679 1803 805 1887 Nuptias
835 1811 937 1868 aulem
968 1803 1173 1887 corruptelam
1199 1820 1306 1872 assela

120 1909 258 1973 simililer
281 1919 374 1993 etque
393 1913 532 1978 Marcion
557 1913 637 1978 dicit.
689 1912 788 1978 Adam
812 1919 914 1974 aulam
937 1913 1048 1976 salvari
1071 1919 1166 1994 negat
1192 1928 1269 1993 pvo-

122 2020 229 2096 ptereu
251 2018 334 2101 quod
358 2019 420 2084 dux
443 2021 672 2087 inobedientiae
695 2020 840 2084 extiterit.
895 2018 933 2084 Et
955 2018 1035 2084 haec
1057 2018 1182 2101 quidam
1205 2018 1270 2081 'la-

121 2123 232 2190 tianus.

210 2230 258 2297 17.
303 2234 518 2317 Hermogenes
541 2240 642 2298 autem
664 2234 796 2316 qnidam,
823 2239 855 2296 et
871 2233 937 2314 ipse
963 2231 1126 2297 arbitratus
1151 2249 1187 2296 se
1207 2251 1269 2298 no-

122 2358 192 2403 vum
215 2342 360 2424 quiddam
383 2345 515 2424 sentire,
540 2342 617 2406 dixit
640 2343 731 2406 doum
754 2361 794 2404 ex
826 2342 952 2406 materia
983 2358 1101 2405 coaeva
1129 2348 1160 2404 et
1184 2359 1306 2417 non-20

120 2450 225 2529 genita
249 2451 392 2514 universa
427 2452 557 2530 lecisse;
586 2451 654 2514 fieri
677 2451 758 2512 enim
790 2467 852 2512 non
877 2466 985 2531 posse,
1018 2451 1089 2528 quin
1120 2449 1197 2512 deus
1227 2467 1268 2512 es

121 2555 242 2620 entibus
266 2557 358 2620 iaciat
380 2577 418 2622 ea
443 2576 524 2638 quac
547 2557 632 2622 liunt.
681 2557 758 2620 Esse
782 2563 883 2619 aulem
906 2557 996 2619 deum
1019 2574 1142 2639 semper
1165 2556 1268 2620 domi·

121 2681 191 2727 num
224 2674 254 2728 et
277 2683 401 2748 semper
432 2665 596 2747 lantonem,
627 2666 785 2728 materiam
812 2671 913 2728 autem
942 2681 1066 2746 semper
1090 2681 1212 2728 servam
1236 2672 1267 2728 et

205 2907 285 2972 lren.
317 2929 344 2974 c.
373 2909 459 2975 boor.
487 2909 517 2992 1,
545 2909 604 2992 ²8,
635 2909 661 2972 l.
720 2907 760 2972 Et
788 2908 848 2970 boe
879 2923 961 2970 nunc
995 2906 1192 2971 adinventum
1219 2915 1267 2971 cst

119 3015 199 3096 apud
225 3033 281 3080 eos
303 3015 356 3098 (sc.
378 3017 606 3101 continentes),
643 3015 771 3079 'l'atiano
805 3013 939 3096 quodam
973 3014 1071 3096 primo
1103 3013 1182 3078 lanc
1213 3017 1266 3078 in-

120 3121 302 3186 troducente
336 3123 563 3206 blasphemiam.
624 3125 682 3198 Qui
716 3141 784 3186 cum
813 3130 897 3186 assat
927 3121 1033 3184 lustini
1063 3122 1201 3197 audllor,
1235 3125 1265 3186 in

120 3236 263 3311 quantum
302 3231 425 3311 quidem
466 3231 544 3313 apud
578 3250 647 3295 eum
677 3238 758 3314 erat,
792 3229 864 3293 nibil
896 3231 1050 3294 enarravit
1083 3230 1163 3294 tale:
1196 3239 1267 3312 post

120 3355 194 3401 varo
217 3336 296 3401 illius
319 3339 496 3422 martyrium
525 3338 678 3400 absistens
706 3337 744 3400 ab
777 3338 924 3420 ecclesia,
958 3344 989 3401 ct
1018 3339 1266 3420 praesumptione

117 3447 252 3527 magistri
283 3446 381 3510 elatus
415 3451 447 3508 et
476 3444 618 3527 inflatus,
658 3445 744 3526 quasi
780 3461 855 3526 praa
884 3445 1016 3506 caeteris
1050 3453 1149 3528 esset,
1185 3463 1265 3526 pro·

117 3554 213 3634 prium
237 3551 446 3616 characterem
479 3552 638 3616 doctrinae
673 3552 846 3635 constituit,
879 3568 998 3615 aeones
1027 3551 1177 3632 quosdam
1211 3553 1264 3616 in-

118 3657 253 3722 visibiles
276 3659 414 3724 similiter
437 3666 529 3742 alque
559 3658 588 3722 bi
620 3660 671 3742 qui
698 3677 716 3722 a
745 3660 907 3722 Valentino
942 3666 1030 3742 sunt,
1061 3659 1144 3722 velut
1169 3659 1264 3722 labn-

118 3765 175 3828 lam
206 3785 374 3851 enarrans,
408 3771 580 3849 nuptiarum
617 3774 718 3832 autem
753 3767 946 3846 corruptelas
979 3771 1009 3828 cl
1039 3765 1263 3829 lornicaliones

119 3874 253 3937 similiter
277 3884 310 3938 ut
330 3875 465 3938 Marcion
498 3882 527 3939 et
560 3875 743 3940 Saturninus
768 3873 895 3955 dicens,
926 3873 1012 3936 Adae
1041 3880 1142 3935 aulem
1172 3875 1262 3936 saluti

119 3999 157 4042 cx
180 3999 214 4043 se
238 3980 511 4044 contradictionem
534 3981 662 4044 iaciens.

115 4216 197 4271 textui
217 4218 411 4289 supposuimus
502 4219 547 4274 2⁴.
566 4215 707 4290 deprimor]
726 4213 801 4286 παρὰ
817 4213 877 4276 acic
896 4211 917 4272 C
936 4213 965 4270 ll
1043 4216 1087 4270 25.
1105 4217 1261 4288 praetort-

114 4307 169 4386 σας]
188 4309 391 4383 μυθολογῆσασι
410 4306 432 4365 C
449 4307 493 4378 Μ,
512 4309 559 4384 qui
576 4307 648 4363 conl.
666 4305 905 4381 pcdoloyiicnvrnc
981 4306 1026 4363 28.
1046 4323 1104 4380 sqq.
1124 4305 1166 4362 De
1181 4306 1260 4362 Her-

115 4419 226 4472 mogene
241 4400 277 4456 cs.
291 4399 407 4456 Terlull.
428 4405 485 4456 ndo.
504 4405 693 4473 Hermogenem.
711 4395 884 4454 (Hamillus.
907 4401 993 4471 Erico.
1013 4403 1151 4471 prophetia.
1172 4399 1258 4472 §.bo

116 4493 215 4547 Eusub.
236 4497 269 4547 tt.
290 4495 321 4548 li.
335 4491 383 4548 lv.
395 4495 441 4554 Ἠ.
460 4491 630 4548 Theodorei.
651 4495 714 4547 rat.
730 4495 801 4547 laer.
820 4488 842 4557 1,
864 4492 904 4545 la.
987 4493 1032 4546 29.
1047 4491 1173 4563 cyneam
1192 4489 1214 4547 C
1230 4490 1260 4546 Μ

929 4591 972 4655 ‘28
