3050 4988
573 315 758 375 ttnstttotts.
1183 307 1246 374 349

95 501 208 550 norum
240 483 437 566 pelliciebunt
471 486 791 569 praeternavigantes,
824 483 991 547 suadentes
1028 483 1115 546 suavi
1151 489 1244 546 cantu

98 591 257 674 appellere
290 609 345 656 eos
379 591 431 674 qui
461 592 675 656 auscultarent.
736 591 804 666 Ouo
843 609 930 655 more
968 597 1126 672 comperto
1161 591 1282 653 atuntas

97 699 217 763 Ulixem
240 717 313 764 cera
338 698 484 764 oblivisse
512 718 604 764 aures
631 699 806 785 sociorum,
836 700 932 782 ipsum
962 705 1063 763 autem
1085 697 1165 762 malo
1188 717 1245 761 re-
1298 705 1303 712 '

96 808 223 890 ligatum
246 814 493 889 praetervectum
516 824 588 871 esse
609 813 675 871 tuto
697 807 820 872 Sirenas
850 814 879 870 et
903 807 1098 870 exaudivisse
1126 804 1244 870 illarum

97 921 231 992 cantum.
275 913 309 977 ld
339 913 423 996 quod
451 913 557 978 lacere
587 930 661 994 eos,
696 915 748 996 qui
777 912 856 978 haec
890 916 1056 998 attingent,
1089 911 1245 998 cohortor,

98 1028 129 1084 ct
152 1029 203 1086 aut
226 1021 351 1086 auribus
376 1021 478 1087 oblitis
505 1029 632 1104 propter
659 1021 862 1086 infirmitatem
895 1023 1098 1105 pernavigata
1129 1021 1243 1086 haere-

98 1131 177 1192 sium
199 1128 310 1212 placita
339 1148 380 1192 ne
403 1128 555 1194 exauditis
585 1128 706 1210 quidem
729 1130 784 1214 iis,
807 1148 887 1212 quae
910 1129 1033 1194 allicere
1056 1129 1146 1194 facile
1167 1133 1281 1210 pos-⁴⁰

96 1239 160 1301 sint
180 1238 219 1301 ad
241 1237 445 1321 voluptatem,
478 1237 572 1300 veluti
593 1237 697 1301 suavis
719 1246 825 1302 cantus
848 1239 1003 1319 Sirenum,
1040 1245 1090 1300 aut
1120 1233 1158 1300 ad
1180 1235 1243 1319 lig-

98 1363 170 1408 num
202 1343 312 1408 Christi
342 1343 504 1428 religatum
540 1343 671 1408 fideliter
707 1346 928 1410 auscultantem
962 1362 1025 1410 non
1057 1342 1242 1426 conturbari,

96 1452 235 1534 reposita
257 1451 318 1518 lide
346 1453 378 1516 in
402 1471 458 1537 eo,
495 1451 535 1516 ud
567 1470 659 1534 quem
690 1449 852 1515 adstrictus
882 1457 945 1536 ast,
982 1458 1013 1514 et
1044 1452 1131 1516 firmo
1161 1451 1241 1533 pede

96 1562 279 1626 consistere.

191 1687 241 1752 rt.
294 1685 549 1770 Quandoquidem
583 1686 678 1771 igitur
715 1689 746 1750 in
782 1705 839 1752 sex
878 1687 964 1752 libris
1004 1689 1155 1770 prioribus
1179 1697 1279 1752 ex-te

97 1795 255 1876 posuimus
276 1796 398 1880 priora,
431 1795 532 1876 placet
562 1811 644 1858 nunc
670 1793 824 1858 Basilidae
854 1793 1021 1859 doctrinam
1053 1813 1115 1859 non
1145 1813 1242 1878 prae·

96 1902 282 1986 termittere,
334 1920 415 1984 quae
464 1910 535 1966 sunt
578 1901 752 1966 Aristotelis
797 1901 959 1986 stagiritae
1002 1902 1128 1986 placita,
1179 1919 1241 1965 non

96 2007 218 2074 Christi.
271 2008 333 2075 Sed
356 2009 476 2074 tametsi
509 2009 600 2073 etiam
632 2009 772 2092 superius
800 2009 950 2091 explicata
984 2017 1055 2074 sunt
1085 2011 1241 2074 Aristote-

95 2117 132 2180 lis
167 2117 295 2202 placita,
332 2124 436 2181 amen
475 2134 514 2180 ne
548 2135 629 2180 nunc
663 2117 785 2200 quidem
826 2117 1037 2182 cunctabimur
1072 2135 1109 2181 ea
1149 2123 1240 2182 antea

94 2225 201 2306 paucis
233 2227 403 2310 attingere,
443 2241 505 2307 quo
538 2223 673 2289 lectores
710 2243 750 2288 ex
785 2223 904 2288 illorum
948 2223 1096 2306 propiore
1133 2221 1278 2286 iuxta-co

95 2333 250 2414 positione
290 2333 362 2398 ilico
397 2333 569 2416 percipiant
607 2331 760 2397 Basilidae
801 2333 912 2415 placita
955 2349 1026 2396 esse
1066 2329 1240 2396 Aristotelis

95 2441 240 2525 argutias.

183 2576 234 2644 15.
278 2577 377 2663 lgitur
407 2576 585 2641 Aristotelis
615 2577 815 2641 substantiam
848 2575 955 2639 dividit
980 2575 1134 2640 trifariam.
1183 2575 1240 2640 Est

95 2686 175 2750 enim
205 2688 272 2750 eius
307 2684 389 2748 aliud
419 2683 572 2767 quoddam
604 2705 718 2770 penas,
757 2683 838 2748 aliud
870 2685 1006 2767 species,
1040 2692 1074 2748 ut
1102 2682 1154 2747 ille
1189 2685 1238 2768 ait,

94 2793 175 2858 aliud
197 2792 387 2857 individuam
396 2813 410 2868 ,·
441 2793 631 2856 individuam
659 2798 758 2854 autem
795 2809 858 2855 non
887 2798 1014 2874 propter
1042 2792 1274 2876 exiguitatemcs

95 2903 251 2984 corporis,
282 2898 338 2963 sed
362 2897 445 2980 quod
473 2905 581 2962 natura
612 2899 704 2964 dividi
735 2898 819 2964 nullo
850 2906 940 2981 pacto
971 2899 1078 2979 possit.
1135 2897 1238 2961 Genus

94 3016 196 3073 autem
219 3014 267 3070 est
287 3013 430 3090 tanquam
452 3025 582 3072 acervus
611 3006 731 3089 quidam
761 3024 800 3068 ex
822 3005 922 3070 multis
946 3011 976 3068 et
999 3006 1127 3069 diversis
1148 3022 1238 3068 com-

93 3115 206 3180 mixtus
239 3113 424 3199 seminibus,
463 3134 481 3180 a
513 3132 575 3196 quo
610 3132 728 3197 genere
763 3119 906 3194 tanquam
951 3112 1084 3195 quodam
1124 3130 1237 3175 acervo

93 3226 258 3289 universae
303 3241 428 3306 corum,
471 3241 551 3304 quae
592 3225 740 3306 existunt,
782 3223 905 3304 species
949 3220 1114 3304 dispositae
1155 3227 1236 3283 sunt.

92 3329 132 3396 Et
153 3336 200 3395 est
221 3348 321 3414 genus
343 3331 507 3414 universis,
538 3347 617 3412 quae
650 3329 829 3412 extiterunt,
867 3345 961 3391 causa
991 3327 1156 3390 sufficiens.
1200 3325 1275 3389 Uttt

93 3445 195 3503 autem
227 3445 364 3520 apertum
395 3436 462 3520 liat,
485 3435 568 3518 quod
593 3435 679 3521 dieo,
701 3435 862 3500 ostendam
886 3433 1046 3517 exemplo,
1076 3453 1132 3516 per
1154 3430 1236 3516 quod

93 3543 132 3609 ad
152 3565 272 3610 omnem
294 3543 563 3626 Peripateticorum
588 3541 755 3607 doctrinam
785 3543 950 3626 pervenire
972 3540 1084 3605 licebit.

181 3690 230 3756 16.
274 3693 410 3758 Dicimus
433 3691 544 3757 animal
565 3691 757 3774 simpliciter,
779 3707 842 3754 non
865 3690 986 3773 aliquod
1011 3691 1130 3755 animal.
1181 3691 1237 3756 Est

92 3808 194 3865 autem
227 3799 288 3864 boc
329 3799 440 3864 animal
476 3817 540 3864 non
572 3799 647 3883 bos,
680 3817 742 3863 non
777 3817 896 3884 equus,
930 3818 993 3864 nou
1027 3798 1140 3884 bomo,
1172 3817 1234 3863 non

93 3908 186 3994 deus,
218 3925 282 3974 non
304 3907 441 3990 denique
464 3905 546 3972 aliud
570 3905 735 3989 quidquam
758 3925 864 3971 corum
898 3926 977 3989 quae
1000 3914 1104 3972 extant
1134 3906 1274 3991 signi-cc

90 4130 185 4206 alnov]
205 4170 212 4186 .
232 4170 239 4186 .
259 4170 267 4186 .
285 4169 293 4187 .
313 4153 346 4186 cr
363 4129 385 4188 C
403 4130 448 4199 bl,
466 4131 513 4206 qui
532 4129 646 4202 vestigia
665 4146 742 4184 voco.
760 4128 825 4190 θεὸς
843 4125 874 4182 ὃν
892 4145 1038 4200 superesse
1058 4128 1137 4184 dicit:
1162 4129 1236 4202 rapui·

88 4245 134 4280 rov
156 4223 238 4280 Ferd.
262 4221 364 4280 Christ.
395 4223 470 4282 Baur
495 4223 524 4278 in
550 4221 680 4278 Annalib.
706 4221 854 4291 theologie.
879 4218 1079 4293 Tubingenaib.
1105 4239 1129 4275 a.
1156 4221 1236 4276 1856.

90 4317 170 4374 Faue.
189 4315 212 4372 1.
231 4336 258 4391 p.
280 4319 340 4374 14¹1.
460 4319 505 4374 60.
525 4315 571 4371 deci
589 4311 644 4391 rou]
663 4315 709 4370 διὰ
727 4315 772 4370 τοῦ
790 4312 812 4370 C
829 4311 859 4368 Μ
982 4315 1025 4368 64.
1046 4311 1083 4367 dra
1101 4313 1193 4378 dinosa
1213 4309 1235 4365 C

88 4485 133 4538 66.
152 4485 220 4538 ἔστιν
237 4481 387 4555 ὑπόστασις]
407 4487 457 4540 toa
474 4429 553 4546 πᾶοσις
571 4481 606 4539 C:
624 4489 676 4542 tem
691 4480 757 4536 πᾶσι
774 4476 816 4544 bl,
835 4479 882 4552 qui
901 4493 976 4550 susp.
995 4475 1074 4546 βάσις
