3052 4984
221 244 286 310 ³90
332 243 549 328 (p.250.251.)
681 246 776 305 υεεε
798 245 857 320 vn,
880 251 932 305 οο.

187 423 217 474 το
267 408 455 486 πύντοςδ
466 410 504 486 ές
520 409 671 492 χθονδς
684 407 806 486 οὖδας
819 408 1025 486 ἀπέπτυσε,
1041 417 1138 489 γαία
1153 401 1233 479 δ’ές
1250 400 1384 483 αύγάς

266 515 406 602 ἠελίου
429 519 679 601 φαέθοντος,
701 516 720 582 δ
744 516 781 581 δ’
804 516 973 604 αἰθέρος
994 512 1143 599 ἔμβαλε
1167 510 1317 585 δίναις·

268 623 392 699 ἀλλος
414 622 448 688 δ’
470 623 510 702 έξ
532 623 658 690 ἄλλου
683 623 862 707 δέχεται,
896 625 1108 705 στυγέουσι
1136 619 1180 684 δὲ
1212 617 1384 694 πάντες.
1493 615 1494 672 ἶ

225 731 314 818 Αὕτη
336 731 418 797 ἐστὶν
439 729 458 818 η’
480 731 612 808 κόλασις
633 732 673 820 ἢν
694 729 819 808 κολάζει
841 729 859 796 δ
883 730 1095 820 δημιουργός,
1118 727 1271 816 καθάπερ
1292 725 1385 807 χαλ-
1493 799 1494 802 ¹

226 834 297 911 κεύς
317 858 363 911 τις
383 843 590 924 μετακοσμῶν
618 839 748 928 σίδηρον
779 842 833 904 καί
854 838 890 904 έκ
912 839 1015 926 πυρδς
1046 837 1093 913 είς
1113 835 1200 923 ὕδωρ
1232 833 1384 919 μεταδῶ·
1493 889 1494 896 ,

192 951 329 1008 ῖῡπτων·
350 945 416 1027 πύρ
440 943 501 1030 γύρ
523 944 607 1009 ἐστιν
628 943 779 1034 δαίθήρ,
804 946 886 1012 ὅθεν
905 947 951 1023 είς
969 946 1087 1012 πόντον
1108 940 1298 1028 μεταβάλλει
1316 939 1384 1016 τὰς

229 1049 337 1136 φυχάς
358 1047 376 1112 ὁ
399 1047 605 1136 δημιουργός,
638 1052 733 1133 χθῶν
755 1051 791 1117 δὲ
812 1053 831 1140 ἢ
854 1055 909 1140 γῆ·
941 1051 1023 1117 ὅθεν
1045 1053 1156 1139 φησίν·
1190 1049 1226 1127 ἐξ
1256 1046 1385 1123 ύδατος

226 1156 272 1234 είς
292 1159 364 1243 γῆν,
387 1157 424 1220 έκ
443 1161 500 1243 γῆς
522 1157 558 1222 δὲ
579 1158 625 1234 είς
645 1158 701 1225 τδν
722 1158 820 1248 ἀέρα,
842 1163 996 1226 τουτέστιν
1018 1159 1037 1223 ὅ
1058 1158 1159 1239 λέγει·

924 1277 1022 1349 γαΐα
1045 1265 1077 1331 δ’
1099 1264 1139 1340 ές
1160 1261 1287 1344 αύγάς

269 1369 405 1456 ἠελίου
428 1371 671 1456 φαέθοντος,
693 1369 712 1435 δ
735 1369 771 1436 δ’
792 1373 967 1462 αἰθέρος
989 1370 1142 1456 ἔμβαλε
1164 1369 1316 1444 δίναις·

191 1491 222 1541 80
272 1477 396 1554 ἀλλος
418 1475 450 1542 δ’
473 1476 513 1555 ἐξ
535 1476 667 1543 ἀλλον
694 1477 874 1562 δέχεται,
910 1483 1115 1560 στυγέουσι
1146 1476 1190 1542 δὲ
1216 1475 1384 1550 πάντες.

226 1587 436 1670 Μισουμένας
456 1582 515 1650 οὖν
536 1585 592 1661 τὰς
614 1589 724 1674 φυγὰς
745 1592 799 1651 καί
813 1585 1068 1671 βασανιζομένας
1083 1591 1138 1651 καὶ
1154 1584 1380 1668 κολαζομένας

225 1693 263 1757 έν
290 1691 370 1780 τῷδε
397 1695 441 1780 τῷ
474 1691 582 1780 κόσμῳ
604 1695 685 1758 κατά
716 1695 771 1759 τδν
799 1692 1017 1776 Ἐμπεδοκλέα
1060 1691 1189 1774 σννάγει
1220 1691 1240 1778 ἢ
1269 1689 1382 1778 φιλία,

227 1798 341 1886 ἀγαθή
372 1823 417 1875 τις
441 1797 523 1864 ούσα
555 1803 608 1864 καί
637 1805 890 1889 κατοικτείρουσα
916 1803 971 1867 τῶν
993 1800 1168 1885 στεναγμὸν
1190 1798 1380 1866 αὐτῶνκαὶ

227 1905 283 1992 τὴν
311 1906 446 1971 ἄτακτον
478 1911 532 1970 καί
562 1910 709 1994 πονηρῶν
740 1913 796 1975 τού
824 1911 982 1986 νείκους
1007 1911 1083 1974 ,τού
1115 1908 1382 1992 μαινομένου

191 2011 436 2100 Βῡκαοασκευην,
460 2016 514 2076 καί
535 2012 662 2095 ίξύγειν
683 2013 755 2080 κατ’
775 2014 884 2099 ὀλίγον
905 2016 942 2082 έκ
963 2021 1019 2082 τού
1049 2016 1169 2099 κόσμου
1197 2017 1251 2078 καί
1272 2027 1380 2099 προσ-

228 2125 366 2184 οικειούν
396 2125 439 2208 τῷ
466 2119 512 2185 ἑνί
540 2120 724 2188 σπεύδουσα
746 2127 800 2188 καλ
821 2127 987 2203 κοπιῶσα,
1017 2121 1105 2198 δπως
1134 2121 1172 2186 τά
1203 2118 1309 2184 πάντα
1331 2117 1382 2194 είς

228 2229 283 2313 την
303 2227 432 2316 ἑνότητα
452 2230 627 2320 καταντήσῃ
649 2228 703 2296 ὑπ’
725 2229 821 2320 αύτῆς
842 2232 995 2319 ἀγόμενα.
1052 2232 1115 2297 Διά
1142 2232 1199 2316 την
1228 2225 1380 2313 τοιαύτην

229 2332 288 2400 ούν
307 2339 364 2400 τοῦ
385 2335 537 2424 ὀλεθρίου
559 2340 681 2414 νείκους
710 2338 920 2427 διακόσμησιν
948 2340 1041 2406 τοῦδε
1068 2341 1125 2405 τού
1148 2337 1380 2425 μεμερισμένον

228 2443 348 2527 κόσμου
369 2441 501 2507 πάντων
522 2443 679 2532 ἐμψύχων
701 2445 719 2510 δ
738 2444 952 2533 Ἐμπεδοκλῆς
972 2445 1046 2522 τούς
1065 2446 1071 2536 Ι
1089 2445 1204 2510 ἑαυτοῦ
1224 2445 1379 2529 μαθητὰς

191 2549 412 2632 υοάπέχεσθαι
431 2551 628 2638 παρακαλεί·
659 2552 743 2618 εἶναι
774 2551 838 2639 γύρ
869 2569 947 2639 φησι
975 2552 1168 2637 τὰσώματα
1195 2553 1258 2616 τῶν
1287 2547 1380 2636 ζρίων

228 2652 267 2722 τά
298 2656 476 2742 ἐσθιόμενα
505 2661 622 2745 ψυχῶν
650 2658 892 2744 κεκολασμένων
921 2658 1099 2746 οίκητήρια·
1137 2659 1192 2720 καὶ
1220 2655 1380 2740 ἐγκρατεῖς

228 2765 312 2829 είναι
332 2765 405 2841 τούς
423 2769 487 2830 τῶν
503 2766 654 2831 τοιούτων
676 2765 781 2847 λόγων
813 2767 1038 2855 ἀκροωμένους
1064 2769 1117 2852 τῆς
1138 2762 1220 2850 πρὸς
1239 2771 1378 2843 γυναῖκα

228 2870 356 2954 ὁμιλίας
378 2871 540 2950 διδάσκει,
564 2879 619 2937 ίνα
640 2873 684 2959 μη
709 2871 959 2957 συνεργάζωνται
986 2877 1041 2938 καί
1071 2867 1379 2952 συνεπιλαμβάνων-

227 3003 279 3042 ται
300 2982 363 3044 τῶν
383 2979 494 3066 ἔργων,
520 2975 566 3045 ῶν
588 2979 774 3067 δημιουργοί
791 2980 826 3045 τὸ
848 2992 952 3056 νεῖκος
958 3027 970 3057 ,
1003 2979 1037 3044 τδ
1063 2980 1117 3064 τῆς
1145 2976 1257 3063 φιλίας
1286 2975 1380 3062 ἔργον

191 3085 309 3152 σολύον
331 3084 458 3150 ἀείκαὶ
480 3086 637 3152 διασπῶν.
684 3091 806 3152 Τούτον
827 3089 910 3152 ελναί
932 3104 1030 3173 φησιν
1052 3085 1070 3150 δ
1088 3084 1300 3169 Ἐμπεδοκλῆς
1320 3083 1379 3148 νύ-

228 3215 291 3278 μον
311 3197 457 3277 μέγιστον
477 3199 530 3280 τῆς
550 3198 605 3258 τοῦ
627 3197 747 3272 παντὸς
768 3194 961 3282 διοικήσεως,
985 3194 1087 3275 λέγων
1110 3188 1175 3258 ῶδέ
1198 3215 1284 3268 πως·

266 3301 394 3366 Ἔστιν
421 3300 591 3387 ἀνάγκης
619 3306 769 3389 χρῆμα,
799 3304 905 3366 θεῶν
932 3302 1123 3390 ψήφισμα
1144 3295 1336 3377 παλαιόν,

275 3409 427 3488 ἀίδιον,
450 3409 664 3475 πλατέεσσι
686 3413 1086 3496 κατεσφρηγισμένον
1104 3406 1250 3490 δρκοις,

233 3517 407 3605 ἀνάγκην
443 3517 553 3583 καλῶν
582 3518 638 3604 τὴν
659 3516 694 3595 έξ
716 3517 787 3593 ἑνὸς
808 3517 854 3593 είς
875 3516 982 3582 πολλὰ
1013 3517 1094 3582 κατά
1123 3514 1158 3580 τὸ
1191 3524 1294 3589 νείκας
1322 3516 1375 3576 καί

210 3625 267 3690 ίέκ
289 3624 420 3691 πολλῶν
441 3625 487 3701 είς
507 3629 543 3690 έν
564 3627 644 3689 κατά
669 3623 724 3711 την
745 3623 861 3710 φιλίαν
880 3622 1075 3710 μεταβολήν·
1106 3621 1224 3696 θεούς
1255 3620 1307 3698 δέ,
1338 3619 1379 3696 ῶς

233 3733 324 3818 ἔφην,
347 3735 501 3818 τέσσαρας
520 3736 581 3816 μὲν
602 3732 757 3818 θνητούς,
780 3736 864 3818 πύρ,
887 3730 995 3816 ὕδωρ,
1025 3734 1094 3816 γῆν,
1127 3731 1230 3814 ἀέρα,
1264 3727 1324 3792 δύο
1345 3725 1378 3791 δέ

233 3838 438 3916 ἀθανάτους,
462 3837 666 3926 ἀγεννήτους,
688 3838 860 3921 πολεμίους
880 3839 1006 3915 ἑαυτοίς
1028 3838 1083 3903 διὰ
1104 3835 1236 3914 παντός,
1259 3837 1295 3900 οδ
1316 3845 1377 3901 νεί-

233 3971 288 4024 κος
309 3951 363 4012 καί
384 3947 440 4034 την
461 3946 586 4032 φιλίαν·
610 3951 665 4011 καί
685 3947 719 4012 τδ
741 3950 802 4031 μὲν
824 3958 927 4023 νείκας
948 3945 1072 4011 ἀδικείν
1096 3943 1152 4010 διά
1180 3944 1301 4019 παντὸς
1329 3947 1379 4007 καί

304 4161 349 4214 70.
378 4157 406 4212 δ’
427 4159 454 4218 λς
475 4156 589 4231 χθονὸς]
608 4156 658 4212 δεε.
687 4155 751 4230 (una
772 4155 868 4212 littero
884 4155 975 4230 exeun)
999 4152 1144 4230 χθονδςῦ
1288 4148 1378 4226 ούδας]
1493 4197 1494 4224 η

231 4252 314 4314 ούδας
337 4248 359 4307 G
505 4249 643 4318 ἀπέπτυσε]
664 4247 790 4304 ἀνέπτνσε
808 4245 938 4303 Karsten.
1093 4249 1161 4319 γαῖα
1179 4244 1208 4300 δ’
1228 4240 1264 4320 λς]
1283 4246 1333 4318 γέα
1350 4243 1376 4299 δ’
1493 4257 1494 4260 ’

232 4341 308 4406 είςΕ
480 4343 524 4398 7ί.
557 4336 718 4417 φαίθοντος]
753 4339 908 4416 ἀκάμαντος
940 4339 1104 4394 Κιεεῐοείυε
1137 4347 1165 4394 et
1198 4336 1320 4393 steinius
1349 4355 1379 4393 οε

238 4434 386 4490 Plutarcho
583 4435 627 4490 78.
659 4435 696 4496 είς
720 4429 741 4488 C
928 4433 973 4488 79.
1008 4431 1052 4488 ὅδ’
1079 4432 1190 4505 αίθέρος
1220 4431 1332 4504 ἔμβαλλε
1360 4424 1379 4484 G
