2920 4982
230 349 294 415 488
338 348 555 436 (μουοοοε.)
652 351 746 412 mann
769 350 814 424 lx,
838 353 890 412 τε.
913 355 966 410 το.

229 521 321 599 γένος
342 523 397 583 καὶ
417 515 498 584 κατά
520 517 639 603 νόμους
662 517 836 606 Φαρισαῖοι
857 517 1064 602 καλούμενοι,
1088 511 1135 583 τίν
1155 517 1189 582 τδ
1211 519 1272 602 μὲν
1288 515 1389 584 πλεῖ-

231 645 304 694 στον
323 631 420 712 μέρος
440 627 503 694 έστλ
524 629 604 692 κατά
628 628 736 694 πάντα
756 629 871 705 τδπον,
902 628 1033 694 πάντων
1054 631 1115 712 μὲν
1132 625 1299 694 Ἰουδαίων
1320 651 1389 692 κα-

229 736 408 820 λουμένων,
432 735 488 800 διδ
511 735 546 801 δὲ
568 737 624 814 τάς
646 735 735 812 ἰδίας
756 733 973 818 δοξαζομίνας
1003 734 1135 820 γνάμυς
1162 735 1302 820 δνόμασι
1325 757 1391 800 κυ-

195 848 311 931 τορίοις
332 843 604 928 ἐπικαλουμένων.
661 839 757 909 Οῦτοι
778 847 838 928 μὲν.
860 841 919 909 οῦν
940 845 996 930 την
1026 841 1169 930 ἀρχαίαν
1199 842 1391 927 παράδοσιν

232 952 490 1036 διακρατοῦνιες,
513 951 568 1018 έπὶ
588 961 653 1028 τοῖς
674 953 753 1018 κατὰ
775 950 879 1035 νόμον
900 953 1063 1037 καθαροῖς
1081 955 1136 1016 καὶ
1152 951 1197 1038 μη
1220 953 1391 1036 καθαροῖς

231 1060 285 1126 έπί
306 1071 409 1136 νεῖκος
432 1057 624 1138 ἐξετάζοντες
647 1059 851 1145 διαμένουσι·
873 1060 914 1124 τά
934 1084 966 1125 τε
979 1063 1035 1125 τοῦ
1051 1058 1389 1146 νόμουέρμηνεῦουσι,

232 1167 447 1244 διδασκάλους
467 1168 512 1245 είς
534 1172 633 1232 ταῦτα
655 1165 920 1252 προβιβάζοντες.
952 1163 1048 1232 Οδτυι
1077 1165 1271 1254 εἱμαρμένην
1299 1167 1391 1232 είναι

233 1275 373 1357 λέγουσι,
397 1280 452 1340 καί
472 1280 543 1341 τινὰ
565 1279 625 1359 μὲν
646 1274 716 1340 κατ’
737 1276 886 1354 ἐξουσίαν
913 1277 1014 1353 είναι,
1043 1275 1115 1342 τινά
1147 1275 1184 1341 δὲ
1211 1278 1293 1342 md
1313 1278 1386 1364 τηνΙ

195 1384 440 1472 υυεὶμαρμένην,
470 1383 512 1463 τίς
532 1385 602 1449 τινά
632 1388 693 1469 μὲν
721 1383 775 1469 ἀφ’
803 1382 894 1470 ἡμῖν,
931 1384 1001 1449 τινά
1034 1383 1072 1449 δέ
1100 1387 1152 1472 τῆς
1180 1382 1389 1471 εἱμαρμένης,

234 1493 316 1557 θεδν
339 1492 376 1558 δέ
396 1493 527 1558 πάντων
548 1493 631 1557 εἶναι
654 1495 772 1570 αἴτιον,
789 1500 855 1558 ,καί
877 1491 980 1578 μηδὲν
1009 1493 1087 1558 ἄνευ
1116 1491 1299 1579 θελήματος
1321 1492 1390 1557 αιί-

234 1605 289 1666 τοῦ
322 1599 516 1665 διοικεῖσθαι
544 1604 566 1686 ἢ
592 1602 787 1684 συμβαίνειν.
844 1597 940 1668 Οέτυι
972 1606 1027 1666 καί
1060 1603 1178 1688 σαρκδς
1206 1600 1391 1667 ἀνάστασιν

235 1706 426 1792 ὁμολογοῦσι
449 1711 503 1771 καί
524 1709 634 1794 ψυχὴν
656 1707 829 1786 ἀθάνατον
857 1714 912 1772 καί
937 1711 1038 1793 κρίσιν
1063 1697 1219 1796 λυομένην
1247 1715 1302 1775 καὶ
1333 1710 1391 1775 διι-

236 1818 389 1904 πῦροισιν,
404 1821 465 1910 ,καί
486 1816 629 1892 δικαίους
650 1821 710 1898 μὲν
733 1815 926 1904 ἀφθάρτους
948 1817 1091 1895 ἔσεσθαι,
1115 1817 1248 1894 ἀδίκους
1270 1818 1305 1884 δὲ
1320 1818 1391 1883 είσ-

198 1930 287 1988 υῖαελ
308 1924 573 2010 κολασθήσεσθαι
595 1923 632 1990 έν
653 1929 730 2009 πυρὶ
751 1922 901 2010 ἀσβέστῳ.

324 2037 376 2099 29.
424 2037 535 2096 Ταῦτα
556 2036 616 2116 μὲν
638 2030 696 2096 οὖν
718 2036 772 2095 καὶ
795 2032 979 2115 Φαρισαῖοι.
1032 2031 1251 2097 Σαδδουκαῖοι
1274 2032 1310 2098 δέ
1333 2036 1393 2120 την

237 2145 296 2224 μὲν
324 2137 520 2226 εἱμαρμένην
553 2138 737 2221 ἀναιροῦσι,
772 2141 854 2227 [καί]
887 2141 958 2226 το[ν
980 2141 1076 2226 θεὸν]
1103 2139 1205 2225 μηδέν
1232 2163 1261 2204 τι
1286 2143 1392 2206 κακδν

239 2248 322 2332 δρᾶν
342 2252 363 2334 ἢ
383 2249 511 2334 ἀφορᾶν
532 2247 757 2330 ὁμολογοῦσιν,
789 2248 873 2312 εἶναι
902 2246 938 2312 δὲ
961 2247 996 2324 έξ
1018 2245 1208 2328 ἀνθρώπων
1237 2247 1392 2326 ἐξουσίας

240 2357 274 2422 τδ
297 2352 464 2442 αἱρεῖσθαι
486 2355 520 2422 τδ
544 2354 676 2434 ἀγαθὸν
697 2359 720 2441 ἢ
739 2355 850 2422 κακόν.
890 2353 1080 2420 Ἀνάοτασιν
1102 2353 1138 2419 δὲ
1160 2353 1335 2441 ἀρνοῦνται
1350 2355 1392 2422 οῦ

201 2464 342 2549 ςομόνον
363 2464 482 2550 σαρκός
485 2513 497 2542 ,
521 2463 606 2528 ἀλλὰ
629 2469 684 2528 καὶ
704 2467 815 2550 ψυχὴν
834 2464 878 2549 μη
901 2444 1063 2546 διαμένειν
1077 2461 1251 2545 νομίζουσι·
1275 2463 1391 2557 [ταάτη

240 2572 289 2653 δὲ]
311 2572 395 2637 είναι
415 2572 518 2656 μόνον
538 2571 573 2636 τδ
596 2572 666 2657 ζῆν,
702 2575 756 2634 καὶ
784 2573 874 2636 τοῦτο
906 2569 942 2634 δὲ
970 2570 1055 2634 εῖναι
1083 2566 1122 2636 οὔ
1150 2571 1246 2656 χάριν
1266 2572 1392 2652 έγένετυ

242 2681 440 2765 ἄνθρωπος,
463 2679 500 2744 έν
522 2678 558 2744 δὲ
579 2678 678 2765 τούτῳ
699 2677 905 2763 πληροῦσθαι
927 2677 982 2743 τδν
999 2681 1052 2762 τῆς
1065 2677 1268 2755 ἀναστάσεως
1280 2678 1391 2760 λόγον,

242 2789 279 2853 έν
299 2791 343 2874 τῷ
365 2787 625 2873 καταλείψαντας
644 2787 698 2850 έπὶ
719 2790 774 2873 γῆς
796 2784 834 2850 τά
856 2788 951 2850 τέκνα
970 2785 1132 2851 τελευτᾶν·
1159 2788 1238 2870 μετά
1262 2785 1298 2851 δὲ
1318 2788 1391 2852 θά-

189 2919 192 2936 ·
242 2917 339 2962 νατυν
358 2895 460 2982 μηδὲν
480 2893 618 2971 έλπίζειν
640 2897 764 2960 παθεῖν
795 2897 817 2979 ἢ
844 2894 945 2959 κακδν
971 2896 992 2980 ἢ
1023 2892 1173 2974 ἀγαθάν·
1207 2894 1299 2960 λάσιν
1324 2897 1390 2984 γάρ

203 3027 233 3076 οε
243 3004 376 3070 ἔσεσθαι
398 3009 453 3067 καὶ
473 3006 581 3090 ψυχῆς
602 3007 656 3066 καὶ
679 3001 841 3085 σώματος,
873 3006 928 3065 καί
956 3001 1002 3076 είς
1029 3003 1063 3066 τδ
1089 3003 1133 3088 μη
1155 3002 1239 3066 εἶναι
1273 3015 1392 3088 χωρεῖν

241 3111 296 3178 τδν
318 3113 517 3198 ἄνθρωπον,
541 3108 624 3174 καθ’
646 3111 664 3174 δ
686 3115 741 3174 καὶ
762 3108 801 3174 τά
824 3109 923 3174 λοιπά
949 3108 1025 3197 ζῷα.
1063 3109 1140 3188 'Qu
1163 3108 1198 3176 δ’
1220 3114 1262 3176 άν
1284 3110 1391 3204 δράση

242 3223 421 3310 ἄνθρωπος
448 3221 484 3284 έν
509 3224 552 3308 τῷ
578 3222 638 3307 βίῳ
671 3219 786 3297 κακόν,
810 3215 1002 3305 ἀνθρώποις
1024 3221 1085 3282 κάν
1107 3218 1312 3312 διαλλαχθηῑ,
1336 3243 1392 3284 κε-

243 3450 424 3535 ένδῦματα,
445 3449 601 3535 καθάπερ
633 3457 697 3524 τοῖς
731 3445 890 3535 ἀνδράσιν
919 3445 955 3512 έν
985 3443 1187 3532 περιζώματι.
1247 3452 1391 3514 Τοιαῦτα

244 3561 304 3643 μέν
326 3558 389 3644 έθη
410 3555 503 3622 τοῦδε
524 3559 580 3622 τοῦ
602 3555 770 3640 τάγματος.

332 3666 380 3731 14.
425 3665 493 3729 Δάο
516 3664 552 3729 δὲ
573 3669 636 3728 τῶν
658 3665 821 3750 προτέρων
845 3662 1019 3749 Φαρισαῖοι
1048 3666 1127 3747 μέν,
1162 3660 1194 3730 οἱ
1226 3663 1393 3744 δοκοῦντες

243 3776 322 3860 μετὰ
344 3773 508 3862 ἀκριβείας
528 3773 715 3860 έξηγεῖσθαι
736 3775 774 3838 τά
797 3772 918 3857 νόμιμα
941 3775 995 3836 καί
1015 3772 1071 3858 τὴν
1092 3772 1221 3860 πράτην
1246 3773 1392 3856 ἐπάγον-

244 3908 292 3960 τες
313 3891 452 3967 αίρεσιν,
474 3879 649 3974 εἱμαρμένη
671 3886 778 3948 τεκαὶ
800 3884 870 3970 θεῷ
892 3882 1111 3968 προσάπτουσι
1132 3883 1257 3961 πάντα,
1280 3889 1334 3948 καί
1355 3885 1392 3950 ιδ

243 3999 305 4081 μὲν
325 3994 474 4080 πράττειν
494 3993 532 4056 τά
556 3992 667 4058 δίκαια
689 3995 744 4057 καί
764 3992 808 4077 μὴ
831 3990 911 4054 κατά
934 3990 968 4055 τὸ
990 3990 1138 4056 πλεῖστον
1171 3990 1227 4056 aaz
1251 4003 1316 4069 τοῖς
1330 3989 1392 4058 ἀν-

316 4190 360 4244 74.
379 4175 430 4243 75.
443 4183 555 4264 κυρίοις]
574 4189 690 4256 καιρίοις
709 4183 730 4239 G
856 4185 901 4238 77.
931 4184 975 4238 ίιιὶ
993 4185 1089 4255 νεῖκος]
1108 4188 1227 4248 ίπιιικδς
1246 4184 1284 4241 C:
1312 4190 1392 4243 ίπιιι-

245 4281 299 4345 κάς
318 4279 347 4336 Μ
462 4281 508 4336 87.
528 4277 693 4334 Litterarum
713 4277 791 4332 uncis
811 4277 977 4332 inclusnrum
997 4279 1160 4333 ῖοουὶοοὶοικ
1180 4279 1294 4350 vestigia
1322 4281 1348 4335 in
1369 4279 1391 4338 C

246 4381 405 4446 supersunt.
444 4369 624 4426 Restituimun
651 4385 684 4422 ex
710 4365 840 4440 Ιοεεμίιο.
859 4367 909 4424 Μ’.
1039 4371 1085 4426 88.
1114 4372 1244 4440 ἐξουσίας]
1270 4374 1392 4434 ίξουσίαν

245 4464 334 4530 CM,
351 4464 398 4538 qui
417 4463 610 4534 corrigendum
632 4478 694 4516 εεεε
713 4469 791 4533 μοιτί
808 4462 854 4516 τοῦ
870 4463 925 4535 αίρ.
1073 4463 1117 4516 90.
1138 4465 1181 4517 91.
1207 4463 1284 4537 ταῦτη
1302 4465 1331 4519 δι’
1355 4463 1388 4520 R.

245 4556 371 4614 scottum
390 4557 482 4624 ταύτην
499 4557 528 4610 δέ
548 4552 569 4611 C
587 4552 631 4620 M,
651 4554 697 4627 qui
719 4571 863 4608 exesorum
882 4553 1078 4610 vocnbulorum
1098 4555 1164 4610 εκῖίε
1183 4563 1258 4610 certa
1274 4555 1387 4628 vestigia
