3006 4976
614 301 792 361 nxxssmn.
1209 294 1270 362 159

125 472 175 528 cst
203 463 412 546 spiritualibus
443 471 475 527 et
496 463 697 529 rationalibus
718 461 864 545 perlectis
884 461 1065 526 hominibus.
1111 461 1309 545 Appellanttt

126 579 229 634 antem
252 570 391 654 Phryges
414 571 496 633 bunc
519 571 652 634 eundem
683 577 714 633 et
734 579 892 646 mortuum,
918 571 1004 650 quasi
1022 571 1052 631 in
1075 577 1272 635 monumento

126 683 159 740 at
180 677 324 760 sepulcro
348 678 498 742 inlossum
518 679 550 741 in
573 695 714 759 corpore.
758 678 845 760 Hoc,
878 678 994 760 inquit,
1030 685 1077 740 esi
1099 677 1210 741 dictum
1233 679 1273 741 il-

124 785 198 849 lud:
230 787 383 867 Sepulcra
404 787 478 848 eatis
500 786 644 848 &albato
664 787 774 866 pleno,
805 785 917 867 inquit,
945 787 1026 860 imina
1049 785 1167 848 casibus
1188 805 1273 849 mor·

126 900 266 970 tummm,
300 894 443 974 quoniam
478 911 542 958 non
575 895 656 956 inest
677 893 709 955 in
733 891 819 967 vobis
842 891 935 955 bomo
959 892 1065 972 vivus3
1103 901 1134 956 et
1154 911 1270 978 rursus,

127 1001 246 1082 inquit,
277 1000 417 1064 Exiliem
437 1019 479 1062 ec
500 1002 698 1064 monumentis
719 1001 845 1079 mortui,
870 998 930 1062 boc
953 1007 1001 1066 est
1023 1018 1063 1062 ex
1085 1001 1290 1082 corporibusl

126 1107 246 1171 cboiois
268 1109 368 1171 renati
389 1107 571 1191 spirituales,
594 1125 658 1171 non
680 1107 830 1172 carnales.
877 1107 970 1189 llaec,
1003 1106 1110 1190 inquit,
1144 1115 1192 1170 cst
1214 1125 1270 1170 re-

126 1218 298 1300 surrectio,
337 1221 418 1296 quae'
451 1233 507 1297 per
533 1222 652 1296 portam
679 1214 712 1278 lit
743 1214 912 1297 caelorum,
945 1232 1002 1295 per
1020 1231 1109 1294 quam
1133 1231 1195 1276 non
1218 1216 1270 1277 in-

125 1325 243 1406 pressi,
277 1323 392 1405 inquit,
425 1341 534 1387 omnes
564 1329 689 1386 manent
717 1324 837 1386 mortui.
881 1321 975 1384 Iidem
999 1327 1100 1385 aulem
1123 1322 1270 1405 Phryges,

126 1430 245 1513 inquit„
278 1429 408 1508 eundem
439 1429 520 1492 buno
552 1447 659 1494 rursus
690 1447 730 1492 cx
765 1430 972 1492 conversione
995 1428 1149 1511 appellant
1170 1430 1293 1492 deamo

125 1537 173 1600 Fit
196 1539 287 1620 enim,
309 1537 415 1620 inquit,
438 1536 524 1620 deus,
548 1554 639 1617 quum
663 1555 704 1599 ex
726 1536 853 1602 mortuis
875 1537 1075 1600 resuscitatus
1099 1554 1154 1617 per
1176 1536 1268 1600 talem

124 1649 246 1725 portam
268 1643 392 1708 intrabit
412 1643 443 1705 in
466 1643 595 1707 caelum.
640 1643 744 1725 Hanc,
767 1644 881 1726 inquit,
915 1649 1034 1726 portam
1056 1642 1164 1706 Paulus
1187 1644 1272 1707 novit

127 1749 308 1833 apostolus,
336 1751 480 1814 revelans
504 1752 535 1814 in
557 1752 703 1834 mysterio
729 1758 760 1814 el
782 1749 910 1834 dicens,
938 1769 972 1812 ae
998 1759 1119 1832 raptum
1141 1769 1208 1814 erae
1230 1751 1271 1813 ob

126 1858 250 1938 asapeio,
275 1865 306 1920 et
325 1859 446 1922 ocniase
467 1877 563 1940 usque
585 1859 629 1920 ud
645 1860 810 1921 secumdum
833 1866 864 1921 cl
885 1860 1005 1920 tertium
1027 1861 1144 1922 coelom
1163 1860 1196 1922 im
1206 1878 1270 1940 pa-

124 1964 264 2026 rudiaum
292 1951 391 2045 ipsum
420 1973 451 2026 ei
478 1965 608 2046 cidisse,
647 1955 726 2046 puae
760 1966 876 2028 ciderii
910 1973 942 2027 el
969 1967 1125 2029 audivisse
1151 1981 1308 2032 arconcio
1327 1987 1347 2046 j

126 2072 234 2149 umba,
257 2091 337 2154 pune
358 2091 421 2135 nom
442 2073 535 2135 licem
555 2073 670 2134 bomini
692 2073 785 2154 loqui.
830 2071 914 2136 ilaec
937 2077 1025 2156 sunt,
1047 2075 1162 2154 inquit,
1191 2091 1270 2154 quae

128 2197 242 2242 arcana
266 2179 303 2243 ab
326 2159 467 2244 omnib⁸us
489 2186 639 2243 vocantur
661 2179 815 2264 mysteria,
838 2199 917 2260 poue
943 2181 1146 2261 elloquimur
1161 2200 1223 2244 aon
1236 2184 1271 2244 in

127 2287 228 2348 doctis
249 2285 401 2350 damonae
424 2289 596 2367 supientiae
616 2285 730 2364 cerdis,
752 2288 810 2349 red
830 2288 863 2347 im
885 2288 1027 2350 doctrina
1043 2289 1181 2368 spiritua,
1203 2289 1270 2369 rpi-

126 2393 291 2456 iituulibou
322 2381 501 2475 spirituutiu
530 2401 752 2476 comparantes.
803 2393 956 2457 Animalia
978 2403 1077 2456 cotem
1099 2395 1188 2458 bomo
1208 2415 1270 2460 non

125 2502 260 2582 percipit
287 2519 327 2564 eo
353 2521 433 2583 quoe
460 2503 688 2584 sumt-spiritus
719 2503 787 2576 dei;
821 2503 953 2564 stultitia
975 2509 1022 2564 eat
1043 2503 1122 2564 emim
1144 2504 1203 2580 illi,
1235 2510 1307 2567 cilo

126 2606 225 2691 baec,
247 2608 360 2692 inquit,
383 2617 455 2672 sunt
477 2609 601 2689 spiritus
624 2627 736 2672 arcana
761 2610 924 2691 mysteria,
947 2626 1026 2689 quac
1049 2625 1107 2671 nos
1129 2611 1268 2673 novimus

125 2713 194 2778 soli.
238 2715 285 2777 De
314 2714 377 2798 bis,
408 2715 520 2798 inquit,
554 2715 631 2780 dixit
659 2714 814 2780 salvator:
846 2714 941 2776 Nemo
967 2722 1070 2796 polest
1096 2691 1203 2778 occire
1227 2717 1270 2778 od

124 2841 183 2898 me,
206 2822 267 2884 nim
289 2841 377 2903 poem
399 2824 533 2884 macerit
548 2831 642 2904 pater
662 2839 746 2884 meua
768 2822 918 2883 coelestia.
971 2820 1143 2884 Admodum
1177 2822 1268 2906 enim,

125 2929 240 3012 inquit,
280 2928 404 2993 dillicile
434 2937 482 2992 est
513 2929 675 3011 percipere
704 2936 734 2991 et
760 2926 957 3010 prehendere
988 2930 1130 3011 magnum
1153 2928 1213 2991 boc
1238 2935 1270 2990 et

126 3052 274 3098 arcanum
302 3035 487 3118 mysterium.
539 3035 577 3099 Et
607 3051 733 3119 rursus,
763 3035 875 3117 inquit,
909 3033 985 3097 dixit
1014 3034 1164 3098 salvator:
1199 3035 1307 3098 Nonou

126 3145 225 3206 ommis
254 3145 306 3224 qui
329 3145 405 3206 dicit
424 3144 498 3206 mibi
520 3145 659 3220 domine,
680 3145 815 3220 domim,
838 3141 966 3204 intrabit
986 3143 1019 3204 im
1038 3162 1167 3223 repmom
1190 3162 1267 3206 coe-

127 3251 243 3330 mrum,
273 3249 331 3312 aed
360 3251 413 3331 qui
443 3249 524 3328 [ecit
542 3251 729 3314 vetustatem
746 3252 849 3330 putris
871 3251 931 3312 mei
954 3251 1005 3330 qni
1026 3251 1060 3312 in
1083 3252 1180 3314 coelis
1202 3260 1268 3314 cate·
1300 3283 1304 3292 ·

127 3373 219 3436 quam
252 3361 376 3438 oportet
410 3357 578 3440 iacientes,
610 3375 673 3420 non
704 3355 866 3420 audientes
889 3356 986 3420 solum
1010 3359 1040 3419 in
1062 3377 1193 3442 regnum
1216 3360 1268 3421 in-

126 3471 210 3526 trare
234 3462 399 3528 caelorum.
432 3464 481 3542 ,Et
502 3483 618 3547 rursus,
641 3464 745 3547 inquit,
770 3464 861 3527 dixit:
898 3463 1057 3526 Publicam'
1079 3472 1110 3527 et
1123 3468 1268 3529 meretri-

126 3588 180 3632 cca
198 3571 391 3651 praecedunt
411 3589 467 3633 coa
488 3572 522 3633 im
543 3591 670 3651 repnum
698 3572 861 3632 ccemmm.
920 3569 1075 3633 Publiceni
1104 3569 1307 3656 (minirailld

127 3765 217 3838 ἁγίων
240 3767 392 3840 ἠγέρθησαν
416 3769 463 3848 ναὶ
487 3769 633 3831 ἐξελθόντες
651 3771 679 3824 ἐκ
696 3769 747 3822 τῶν
767 3772 906 3842 μνημείων
923 3787 947 3822 x.
966 3788 985 3822 τ.
1004 3773 1026 3824 l.
1063 3767 1160 3824 Metili.
1182 3771 1222 3837 11,
1242 3773 1268 3828 5.

125 3857 193 3912 Luc.
212 3860 237 3924 7,
255 3861 300 3914 22.
321 3861 409 3932 νεκροὶ
427 3864 581 3934 ἐγείρονται.
703 3862 830 3915 72-76.
851 3857 893 3915 Cf.
913 3861 932 3914 2
950 3857 1014 3914 Cor.
1037 3863 1077 3926 lo,
1095 3863 1186 3917 2-4.
1207 3865 1270 3918 cido

126 3951 276 4023 ἄνθρωπον
298 3955 327 4006 ἐν
351 3955 459 4026 Χριστῷ
481 3987 517 3998 -
541 3987 577 3998 -
603 3953 755 4027 ἁρπαγέντα
773 3952 817 4006 τὸν
834 3953 949 4005 τοιοῦτον
966 3952 1017 4014 ἕως
1033 3957 1117 4025 τρίτου
1137 3955 1255 4026 οὐρανοῦ
1262 3974 1268 3988 ·

125 4043 173 4096 καὶ
194 4045 257 4098 olda
280 4043 324 4098 ιὸν
347 4046 464 4100 τοιοῦτον
491 4046 640 4118 ἄνθρωπον
664 4077 700 4088 -
725 4041 763 4097 ὅτι
787 4043 891 4116 ἡρπάγη
915 4045 951 4105 εἰς
975 4043 1020 4098 nin
1043 4045 1206 4116 παράδεισον
1223 4045 1269 4100 ami

125 4135 237 4202 ἤκουσεν
255 4135 354 4208 ἄρρητα
373 4137 477 4210 ῥήματα
496 4135 513 4191 ἃ
532 4137 580 4192 οὐκ
599 4137 659 4200 ἐξὸν
685 4135 822 4208 ἀνθρώπῳ
846 4136 963 4202 λαλῆσαι.
1078 4139 1122 4191 77.
1153 4139 1200 4192 καὶ
1223 4140 1269 4192 ta-

125 4229 227 4301 λοῦμεν
245 4245 290 4283 om
310 4226 331 4284 G
350 4227 394 4294 11;
415 4230 449 4285 ol.
472 4231 484 4286 1
507 4227 570 4285 Cor.
589 4231 616 4295 2,
638 4230 679 4284 13.
702 4229 743 4283 14.
852 4229 896 4283 83.
916 4229 960 4282 84.
981 4225 1031 4282 Er.
1052 4224 1095 4282 Jo.
1116 4231 1141 4292 6,
1159 4229 1204 4282 44.
1224 4229 1269 4282 od-
1350 4237 1357 4246 '

125 4321 182 4381 duic
199 4320 310 4374 dium
327 4324 416 4377 ἐλθεῖν
432 4321 501 4395 πρός
516 4341 566 4396 με,
594 4321 641 4376 ἐὰν
663 4319 701 4392 μὴ
720 4319 734 4372 ὃ
752 4318 836 4390 πατὴρ
854 4319 870 4371 ὃ
888 4321 998 4391 πέμψας
1015 4337 1050 4392 με
1068 4317 1160 4392 diadup
1179 4319 1268 4374 αὐτόν.

124 4411 243 4470 87-89.
263 4409 359 4468 Mattb.
380 4415 406 4479 ⁷.
424 4417 469 4470 ol.
578 4413 624 4468 til.
644 4413 688 4467 ab.
707 4408 867 4474 liutmun,
886 4411 930 4464 31.
