3002 4958
488 332 660 395 EPlclJliUS.
705 332 902 394 Acaoutttct.
1221 324 1262 392 43

117 506 213 567 etiarn
237 504 327 568 deum
351 511 383 567 et
406 505 557 567 elementa
582 503 624 589 [et
647 502 790 589 mundos]
814 508 845 565 et
867 519 946 583 quaa
964 503 1077 564 suntin
1093 500 1264 584 ciaconio,

119 619 152 675 et
175 613 317 675 animalia
341 612 529 695 etreliqua,
553 617 586 674 ut
608 609 682 672 nihil
704 627 807 692 neque
830 609 879 672 liat
903 627 1005 690 neque
1029 609 1177 690 extiterit,
1207 609 1265 670 nisi

120 717 206 801 quod
231 737 272 780 ex
295 719 404 781 atomis
427 727 530 782 natum
554 717 604 782 sil.
649 715 777 779 Alamos
809 725 909 779 autem
942 717 1159 778 tenuissimum·
1183 722 1213 776 et
1235 717 1305 776 inco

120 845 185 908 quo
208 843 280 891 esse
302 833 436 908 nequeat
459 843 560 906 nequo
583 831 736 906 centrum,
762 841 866 904 neque
887 823 1027 906 signum,
1051 839 1110 884 nec
1134 821 1267 902 denique

123 935 236 998 divisio
260 933 317 996 olla
342 933 418 995 dixit
442 951 522 1013 osse,
546 936 735 1015 quapropter
749 936 913 994 elatomos
927 947 980 992 eas
994 929 1125 991 vocavit.
1168 927 1267 991 Deum

124 1047 227 1104 autom
250 1057 420 1121 perennem
446 1045 476 1102 et
500 1038 699 1102 immortalem
724 1038 887 1101 confessus
911 1053 982 1100 esse
1004 1035 1076 1099 dicit
1091 1035 1202 1100 nullius
1221 1037 1268 1099 rai

122 1147 348 1230 providentiam
372 1147 503 1230 habere,
528 1164 629 1228 neque
653 1145 777 1208 omuino
803 1162 874 1209 asse
895 1143 1117 1226 providentiam
1136 1162 1195 1207 nco
1218 1144 1268 1206 la-

123 1263 204 1337 tum,
228 1253 285 1315 sed
309 1255 410 1316 omnia
433 1252 559 1318 fortuito
582 1252 658 1316 lieri.
717 1250 890 1314 considera
916 1253 995 1314 enim
1014 1251 1105 1315 deum
1128 1253 1158 1315 in
1180 1253 1308 1335 loeis‚to

124 1379 206 1443 quae
229 1361 431 1424 intermundia
454 1361 601 1442 appellat3
636 1366 722 1421 extra
752 1358 832 1420 euim
870 1357 1012 1420 mundum
1042 1359 1194 1440 quoddam
1218 1358 1268 1421 dei

123 1465 330 1530 habitaculum
354 1483 424 1530 esse
447 1469 550 1532 statuit
579 1483 680 1548 eaque
709 1462 913 1527 intermundia
944 1468 1067 1548 vocari,
1100 1467 1269 1546 laetarique

126 1578 156 1636 et
180 1571 381 1653 requiescere
404 1573 435 1637 in
458 1581 595 1638 extrema
618 1573 785 1651 hilaritate,
821 1583 925 1650 nequa
953 1571 1050 1650 ipsum
1080 1571 1129 1633 vel
1152 1570 1268 1633 habero

125 1679 253 1762 negotia
277 1677 326 1740 vel
349 1679 500 1758 praebere
530 1681 605 1746 aliis.
659 1678 776 1753 Quibus
810 1683 1051 1742 consentaneam
1083 1683 1113 1740 ct
1144 1676 1183 1739 de
1214 1693 1270 1738 sa-

126 1787 282 1870 pientibus
305 1786 478 1852 hominibus
508 1787 637 1851 instituit
672 1785 926 1870 disputationem,
962 1785 1069 1848 diceus
1100 1783 1190 1846 tinem
1215 1799 1309 1852 sa·ro

126 1895 264 1978 pientiae
288 1911 359 1957 csse
381 1895 577 1976 voluptatem.
634 1893 694 1957 Alii
728 1899 829 1954 autam
863 1891 951 1956 aliter
973 1909 1082 1955 nocem
1106 1889 1270 1971 voluptatis

126 2001 319 2082 interpretati
341 2007 425 2080 sunt;
449 2001 497 2064 alii
520 2001 600 2063 enim
624 1997 843 2062 intellexerunt
865 1998 1066 2082 cupiditates,
1095 1997 1145 2059 olii
1168 2003 1269 2060 autom

128 2129 196 2171 eam
220 2108 423 2192 voluptatem,
446 2124 535 2190 quam
558 2105 649 2169 habat
672 2105 778 2170 virtus.
829 2106 954 2170 Animas
990 2114 1091 2170 autem
1114 2103 1269 2168 hominum

127 2215 208 2279 solri
231 2213 319 2277 simul
342 2233 410 2278 eum
435 2212 634 2295 corporibus,
658 2211 746 2275 sicuti
768 2213 857 2276 etiam
880 2233 941 2277 una
956 2214 1042 2296 gigni
1058 2213 1170 2296 statuit,
1194 2232 1271 2276 san-

129 2323 255 2403 guinem
279 2321 359 2383 enim
384 2337 438 2383 aas
464 2337 551 2402 esse,
576 2333 636 2401 quo
661 2337 790 2403 egresso
814 2327 867 2382 aut
889 2325 1001 2384 mutato
1023 2321 1152 2384 interire
1173 2327 1310 2382 totumne

129 2429 305 2512 homiuem,
329 2429 378 2491 eui
401 2427 626 2493 consectarium
650 2435 706 2510 est,
730 2427 812 2507 quod
836 2425 916 2488 nulla
940 2413 1011 2490 csse
1033 2427 1139 2490 statuit
1159 2426 1270 2488 iudicio

130 2536 163 2598 in
186 2534 269 2600 Orco
293 2553 394 2617 neque
416 2533 593 2616 tribunalia,
616 2539 663 2616 ut,
687 2531 832 2614 quidquid
857 2533 1043 2596 commiserit
1066 2533 1216 2614 quispiam
1239 2534 1271 2594 in

131 2642 191 2705 hac
212 2644 272 2705 vita
296 2649 328 2706 et
360 2641 497 2720 latuerit,
526 2639 616 2720 plane
646 2641 770 2720 impuno
798 2637 840 2700 illi
870 2639 917 2701 sit.
961 2637 1004 2700 lta
1029 2639 1123 2721 igitur
1145 2643 1176 2700 et
1196 2625 1273 2717 Epi-

132 2766 236 2812 curus.

218 2853 286 2917 Alia
307 2850 413 2915 schola
436 2851 687 2932 philosophorum
709 2859 820 2914 vocata
845 2857 892 2914 cst
915 2850 1180 2933 Academicorum,
1204 2849 1313 2932 qutaao

132 2964 163 3024 in
186 2959 352 3024 Academia
382 2959 637 3022 conversationes
669 2955 829 3020 instituere
861 2957 1020 3041 solebant,
1053 2974 1181 3040 quorum
1214 2956 1275 3020 dux

134 3069 185 3148 qui
210 3065 325 3129 exstitit
350 3063 484 3147 Pyrrho,
515 3084 531 3127 a
563 3081 625 3146 qim
657 3063 827 3146 Pyrrhonei
858 3067 961 3128 vocati
991 3069 1061 3126 sunt
1091 3061 1274 3147 philosophi,

133 3170 527 3264 incomprehensibilitatem
551 3173 684 3235 omnium
701 3171 815 3252 primns
835 3169 1015 3253 introduxit,
1037 3177 1070 3233 ut
1082 3169 1274 3254 aggredian-

132 3289 182 3342 tur
205 3278 327 3361 quldcm
350 3279 379 3340 in
404 3285 564 3358 utramque
588 3285 721 3358 partem,
743 3285 808 3340 non
831 3294 906 3340 vero
931 3276 1078 3340 dodniant
1100 3277 1274 3359 quidquam.

133 3384 213 3450 ttthtt
244 3385 323 3446 euim
355 3400 427 3446 esse
460 3396 562 3464 neque
596 3383 915 3463 comprehensibilium
949 3401 1051 3464 neque
1085 3383 1314 3446 sensibiliumot

133 3507 258 3574 omum,
280 3489 336 3553 sed
360 3490 458 3552 rideri
480 3487 654 3552 hominihus
678 3490 719 3553 ita
744 3506 831 3571 esse,
865 3487 1052 3570 fluidamque
1080 3505 1152 3553 esse
1175 3494 1276 3551 mate-

132 3600 210 3662 riem
234 3615 355 3661 omnem
380 3583 416 3660 ct
433 3595 604 3658 mutabilem
628 3609 842 3676 necunquam
866 3595 897 3657 in
922 3595 1032 3659 eodem
1056 3595 1127 3658 loco
1150 3613 1276 3676 perma-

134 3723 220 3768 nere.
266 3703 325 3766 lam
350 3703 399 3765 alii
423 3719 463 3764 ox
488 3701 677 3764 Academicis
699 3699 805 3765 dicunt
832 3716 893 3765 non
918 3707 1065 3783 oportere
1089 3701 1213 3763 omnino
1237 3700 1276 3764 da

135 3829 289 3892 quoquam
312 3809 479 3892 affirmare,
502 3807 558 3871 scd
583 3817 698 3872 tantum
722 3825 892 3891 aggressos
915 3809 1043 3871 mittere
1093 3807 1151 3871 Alii
1175 3815 1276 3871 autem

134 3917 292 3982 illudam
313 3918 413 3998 acopis
435 3915 629 3999 adiecerunt,
664 3913 710 3977 his
740 3916 788 3978 usi
818 3916 937 3994 nerhis3
973 3931 1036 3978 non
1068 3915 1165 3997 magis
1196 3916 1315 3996 igniaco

135 4111 257 4181 waiam]
285 4107 350 4164 κατὰ
375 4111 439 4176 idm
464 4109 559 4180 vulgo:
583 4108 641 4161 κατ’
661 4111 784 4174 αἴσθησιν
802 4105 946 4179 Roaperus
1079 4109 1123 4162 to.
1144 4107 1180 4168 ala
1198 4105 1278 4161 Roa-

136 4216 234 4275 paros:
254 4194 293 4255 alr
310 4202 391 4272 vulgo
481 4203 526 4256 et.
546 4200 702 4272 troppuircoe
720 4199 801 4270 vulgo
897 4199 942 4253 tlt.
962 4199 1006 4254 Ὦ.
1026 4197 1054 4252 rl
1072 4199 1226 4271 οὐμᾶλλον
1242 4231 1279 4242 -

136 4296 168 4351 οὗ
189 4296 294 4368 μᾶλλον
312 4292 457 4366 Bosporus
473 4309 503 4366 p.
523 4293 585 4348 628.
612 4291 675 4346 coll.
695 4289 771 4346 Sext.
791 4289 896 4362 Empir.
917 4289 1052 4363 Pyrrhom
1071 4291 1235 4362 hypotppcs
1257 4285 1277 4354 l,

139 4385 288 4444 tos-toa
318 4383 400 4456 Diop.
418 4383 509 4439 Laltrt.
532 4381 582 4448 ΙΧ,
601 4383 646 4437 ts.
666 4379 738 4438 Geli.
758 4391 843 4437 noctt.
863 4381 921 4438 Aa.
943 4379 992 4449 Xl,
1010 4383 1043 4436 tt:
1068 4381 1095 4433 ad
1120 4378 1224 4460 ,aomo
1242 4407 1278 4432 -ι

134 4481 161 4536 ri
177 4479 283 4555 pitter
296 4479 379 4552 rotgo
439 4479 484 4532 ⁹2
502 4475 556 4550 arip
572 4475 636 4549 arip]
656 4471 710 4548 adp
727 4474 809 4548 velpa
