3050 4988
657 300 804 363 llhltCUS.
1239 298 1300 366 311

155 469 252 551 ipsam
282 469 337 532 tihi
359 469 524 532 Veritatem
549 468 735 552 ostendere;
772 468 885 534 deduxi
914 471 994 533 enim
1021 487 1087 532 eam
1118 486 1159 533 ex
1187 488 1302 552 super-

156 575 205 638 nis
229 573 370 658 nedibus,
394 581 426 638 ut
449 574 651 655 conspiceres
684 592 752 638 eam
782 572 894 638 nudam
930 580 961 636 ct
990 591 1201 658 cognosceres
1235 574 1301 638 eius

157 680 412 765 pulcritudinem,
446 699 551 744 verum
594 683 684 744 etiam
716 681 906 746 auscultares
941 681 969 744 ei
1002 680 1141 763 loquenti
1174 681 1303 762 eiusque

155 789 348 871 prudentiam
371 787 571 854 admirarere.
627 789 737 870 Specto
767 791 860 871 igitur
889 796 978 871 eaput
1007 788 1135 870 primum
1168 805 1302 869 superne

155 897 228 972 Ast,
251 897 403 960 cervicem
425 897 510 972 ΒΨ,
540 894 686 960 humeros
720 902 795 973 [una
819 914 887 961 eum
910 893 1062 978 manibus]
1091 895 1164 969 ΓΧ,
1194 902 1339 978 peetuset

155 1003 227 1080 Ao,
250 1004 435 1086 praecordia
458 1005 527 1078 EY,
559 1010 697 1067 ventrem
724 1005 801 1079 ZT,
824 1002 959 1066 verenda
982 1004 1059 1078 ΗΣ,
1090 1002 1210 1066 lumbos
1235 1001 1301 1078 ΘΡ,

157 1130 260 1196 genua
283 1113 343 1186 111,
367 1111 456 1175 tibias
479 1112 547 1186 ΚΟ,
571 1112 650 1176 talos
672 1109 744 1186 ΛΞ,
766 1110 863 1193 pedes
886 1113 967 1174 MN.
1022 1110 1088 1173 lloo
1119 1116 1166 1173 est
1190 1127 1301 1192 eorpus

156 1219 325 1283 secundum
348 1218 482 1282 llareum
506 1219 668 1300 Veritatis,
703 1217 781 1283 haec
812 1219 934 1301 speeies
959 1218 1117 1299 elementi,
1148 1215 1227 1281 haec
1249 1218 1302 1280 in-

157 1325 244 1392 doles
275 1327 408 1393 litterae.
465 1327 504 1390 Et
533 1333 624 1391 vocnt
652 1326 713 1391 hoc
743 1326 926 1390 elementum
960 1325 1136 1410 Hominem,
1171 1331 1201 1387 et
1229 1343 1302 1390 csse

158 1433 231 1498 dicit
258 1433 376 1498 iontem
408 1434 544 1498 universi
578 1435 728 1498 sermonis
763 1439 794 1497 et
821 1433 1002 1516 principium
1027 1434 1126 1496 omnis
1154 1433 1242 1497 vocis
1269 1441 1338 1498 etto

157 1542 291 1606 universi
312 1541 475 1606 inetlahilis
499 1541 665 1605 dictionem
689 1540 886 1625 silentiique,
911 1541 990 1622 quod
1015 1545 1150 1623 tacetur,
1174 1557 1219 1604 os.
1264 1539 1303 1602 Et

156 1650 216 1713 hoe
248 1667 362 1730 corpus
399 1650 474 1714 eius.
545 1649 591 1712 Tu
629 1666 705 1712 vero
740 1649 898 1713 sublimem
936 1648 1073 1711 excitans
1106 1648 1215 1710 mentis
1249 1649 1301 1711 in·

155 1756 353 1841 telligentiom
389 1759 496 1839 accipe
532 1755 687 1842 genialem
727 1763 759 1820 et
787 1755 916 1839 patrium
954 1773 1132 1820 sermonem
1168 1774 1208 1818 ex
1244 1773 1301 1820 ore

154 1864 307 1928 Veritatis.

240 1968 291 2036 45.
336 1969 421 2034 Haec
445 1987 513 2032 eum
534 1967 585 2032 illa
609 1967 745 2053 dixisset,
768 1969 937 2032 intuentem
963 1987 1032 2032 euru
1055 1969 1220 2033 Veritatem
1242 1987 1336 2038 creto

154 2083 263 2158 aperto
284 2078 416 2142 locutam
438 2095 509 2144 esse
532 2095 724 2161 sermonem,
757 2093 931 2140 sermonem
955 2083 1056 2140 autem
1079 2095 1193 2142 nomen
1216 2081 1300 2142 exti-

240 2275 271 2341 3.
315 2277 400 2342 llaec
438 2278 543 2359 itaque
577 2283 783 2360 exponentem
806 2278 834 2341 ei
864 2277 1130 2358 quaternationcm
1166 2278 1297 2344 dixisse:

152 2384 231 2449 Volo
255 2393 356 2449 autem
380 2384 433 2448 tihi
460 2393 491 2448 et
521 2386 616 2467 ipsam
649 2385 818 2450 ostendere
840 2385 1023 2466 Veritatem3
1059 2385 1188 2469 deposui
1218 2389 1297 2452 enim

152 2492 233 2556 illam
262 2493 301 2556 de
331 2491 542 2574 superioribus
571 2491 732 2576 aediliciis,
765 2499 796 2556 ut
826 2492 1054 2574 circumspicias
1083 2511 1151 2557 earn
1184 2494 1296 2558 nudam

153 2607 185 2662 et
207 2601 353 2663 intucaris
377 2599 597 2663 formositatem
625 2600 707 2685 eius,
742 2598 799 2661 sed
830 2605 861 2661 et
889 2598 997 2662 audias
1020 2617 1087 2662 earn
1116 2599 1296 2681 loquentem

153 2711 183 2769 et
208 2705 369 2770 admireris
391 2707 571 2787 sapientiam
596 2707 673 2768 eius.
729 2705 804 2769 Vide
833 2705 906 2787 quid
935 2708 1028 2788 igitur
1055 2707 1086 2769 in
1117 2714 1208 2788 ceput
1230 2708 1296 2770 eius

152 2831 272 2878 sursum
294 2813 423 2894 primunr
444 2814 481 2875 A
500 2819 531 2876 et
553 2813 593 2888 o,
623 2811 734 2876 collum
759 2819 861 2876 autem
883 2815 915 2873 B
938 2821 968 2876 et
993 2813 1035 2888 Ψ,
1057 2811 1204 2876 humeros
1228 2832 1295 2876 eum

153 2921 293 2985 manibus
319 2920 350 2981 Γ
369 2926 400 2982 et
420 2923 468 2996 X,
500 2926 608 3002 pectus
639 2923 671 2981 Δ
690 2927 722 2984 et
746 2919 786 2996 m,
818 2921 949 2984 cinctum
978 2923 1009 2982 Ε
1029 2927 1060 2982 et
1088 2919 1124 2994 Y,
1158 2925 1296 2982 ventrem

151 3029 236 3090 Zet
260 3029 298 3103 T,
330 3027 467 3091 verenda
497 3029 535 3090 H
553 3035 584 3090 et
605 3027 650 3104 Σ,
681 3027 801 3090 femora
836 3026 867 3089 Θ
894 3035 926 3090 et
955 3029 991 3102 P,
1026 3043 1128 3109 genun
1157 3027 1230 3089 1et
1252 3029 1295 3103 II,

151 3134 241 3197 tibias
265 3136 296 3195 K
316 3139 346 3196 et
370 3135 409 3208 0,
433 3152 523 3198 crura
544 3135 581 3196 Λ
600 3141 632 3197 et
651 3132 691 3209 Ξ,
719 3134 817 3216 pedes
839 3135 934 3197 Met
953 3136 994 3198 N.
1047 3133 1115 3198 Hoc
1144 3141 1192 3198 est
1220 3152 1296 3198 cor-

150 3257 208 3321 pus
238 3240 305 3302 eius
338 3259 418 3321 quae
449 3249 496 3304 est
526 3241 696 3306 secundum
735 3259 856 3323 magum
887 3241 1051 3322 Veritatis,
1086 3239 1165 3305 haee
1197 3241 1295 3325 ligura

151 3346 310 3428 elementi,
333 3346 383 3409 hic
406 3345 566 3410 character
587 3347 719 3410 litterae.
763 3347 801 3409 Et
823 3354 914 3410 vocat
938 3347 1121 3410 elementum
1144 3347 1204 3410 hoc
1227 3347 1296 3410 llo-

150 3453 278 3532 minem3
315 3471 387 3518 esse
419 3463 520 3518 autem
550 3455 664 3518 lontern
697 3456 739 3518 ait
769 3470 837 3516 eum
872 3452 971 3516 omnis
1005 3452 1091 3516 verbi
1115 3458 1146 3516 et
1178 3455 1295 3518 initium

149 3559 317 3622 universae
339 3561 426 3624 vocis
458 3568 490 3624 et
519 3561 618 3625 omnis
648 3558 860 3624 inenarrabilis
892 3561 1120 3624 enarrationem
1152 3566 1183 3623 et
1211 3561 1295 3625 teciti

150 3666 268 3731 Silentii
292 3685 338 3730 os.
382 3666 420 3730 Et
442 3668 503 3733 hoc
526 3669 647 3750 quidem
670 3684 783 3749 corpus
807 3669 883 3731 eius.
928 3669 974 3730 'lu
1004 3673 1104 3732 autem
1136 3667 1294 3731 sublimius

149 3773 285 3836 allevans
308 3791 420 3837 sensus
445 3775 676 3858 intelligentium
700 3775 917 3858 antegenitora
942 3780 973 3837 et
995 3773 1196 3856 patrodotora
1218 3793 1295 3838 ver-

148 3881 219 3942 bum
243 3879 280 3942 ah
304 3898 359 3943 ore
379 3879 520 3944 Veritatis
544 3880 625 3945 audi.

236 3984 266 4048 t.
311 3986 393 4049 llaec
418 3995 518 4051 autem
549 4006 616 4051 oum
650 3986 779 4051 dixisset
808 3987 874 4069 illa,
911 3988 1119 4052 attendentem
1153 3987 1193 4052 ad
1226 4007 1294 4053 eum

148 4092 316 4157 Veritatem
340 4101 372 4157 et
393 4095 581 4176 aperientem
606 4113 642 4158 os
665 4095 797 4159 locutam
822 4114 893 4160 esse
916 4095 1060 4180 verbum,
1083 4095 1209 4159 verbum
1234 4115 1294 4160 au-

146 4303 193 4361 so.
210 4287 259 4377 ἧῐ]
276 4283 356 4361 {dc
375 4302 405 4362 x
520 4278 577 4360 oe(
590 4305 667 4377 aaa.
692 4302 715 4361 c
841 4303 885 4363 os.
911 4303 941 4360 rt
966 4305 1009 4374 aa
1034 4307 1159 4367 staram
1177 4301 1221 4370 u,
1246 4305 1293 4378 qn

147 4397 265 4468 epatium
283 4413 399 4454 vacuum
418 4413 480 4453 erre
506 4397 535 4452 in
555 4395 577 4452 G
595 4398 634 4453 ait
766 4397 810 4452 95.
832 4399 876 4453 96.
909 4394 1126 4474 adrayrmiropc]
1149 4395 1293 4473 γεννὴωρα

149 4486 171 4544 C
191 4485 222 4545 Μ
338 4491 386 4546 96.
404 4487 597 4568 παῐροδότυρα]
614 4491 771 4564 προπάτορα
790 4488 812 4546 C
830 4487 861 4547 Μ
