3056 4970
633 311 799 370 eueniunt.
1128 301 1130 306 ¹
1225 311 1292 378 207

146 516 1005 543 .
1036 479 1292 544 utinomnibuu¹

147 579 333 644 animalibus
356 579 554 661 conspicitur.
598 582 715 646 Ventus
738 587 838 646 autem
861 600 934 646 acer
958 583 1046 646 simui
1072 591 1105 654 ct
1124 573 1292 650 vehemens

149 705 224 753 sese
245 686 393 770 inferens,
416 687 505 752 sibilo
529 705 586 752 suo
609 693 656 752 est
678 687 845 752 consimilia
868 689 1032 770 serpentis.
1077 691 1205 754 anum
1228 694 1291 775 igi-

147 801 200 858 tar
222 812 240 855 a
262 800 367 876 vento,
389 793 451 857 hoo
474 799 523 857 est
544 811 560 856 a
583 802 729 876 serpente
751 795 930 877 principium
954 797 1164 878 generationis
1178 797 1290 862 ineum

150 918 242 981 wem
268 899 400 964 diximus
421 899 546 964 modum
569 902 668 964 extitit
698 881 831 966 omniurn
861 900 966 986 simui,
998 920 1078 985 quae
1109 904 1311 986 principiumt

148 1007 361 1091 generationis
389 1015 548 1089 ceperunt.
602 1007 765 1090 Postquam
794 1007 887 1090 igitur
915 1009 1140 1091 comprehensa
1169 1018 1216 1074 cst
1236 1013 1290 1076 lux

147 1117 181 1174 et
201 1111 325 1193 spiritus
347 1112 378 1176 in
400 1113 559 1193 impurum,
582 1113 744 1194 inquitet
765 1113 976 1178 calamitosum
1004 1121 1123 1178 uterum
1145 1115 1290 1180 incondi-

146 1225 228 1300 tum,
261 1219 343 1282 intus
373 1235 502 1300 serpeus
529 1220 665 1302 intrans,
696 1225 808 1283 ventus
835 1220 1053 1306 tenebrarum,
1088 1213 1288 1305 primigenius

149 1341 309 1418 aquarum,
331 1331 463 1407 generat
483 1319 648 1409 hominem,
671 1343 730 1388 nec
753 1325 841 1391 aliam
863 1326 954 1392 ullam
978 1327 1114 1409 speeiem
1129 1337 1314 1394 ¹necamatn

147 1450 208 1496 nec
229 1434 393 1514 cognoscit
414 1433 549 1514 impurus
572 1438 687 1496 uterus.
744 1433 937 1498 Assimilatus
959 1435 1051 1516 igitur
1072 1452 1207 1516 superne
1229 1436 1288 1500 de-

148 1539 281 1614 veniens
301 1538 378 1602 lucis
399 1538 557 1620 periectas
578 1537 669 1623 tagus
693 1539 811 1603 bestiae
833 1540 969 1620 serpenti
990 1541 1113 1604 intravit
1131 1542 1162 1604 in
1186 1541 1288 1624 impu-

147 1663 215 1708 rum
238 1652 359 1709 uterum
381 1643 491 1710 fallens
513 1664 583 1710 eum
606 1645 804 1710 similitudine
826 1648 960 1731 bestiae,
992 1653 1026 1710 ut
1047 1648 1146 1712 solvat
1165 1649 1288 1714 mncula

147 1753 341 1818 circumiecta
371 1751 531 1838 perfectae
560 1753 654 1816 menti
682 1759 853 1834 generatae
887 1755 919 1816 in
951 1754 1123 1835 impuritate
1156 1758 1234 1820 uteri
1270 1775 1287 1820 a

145 1859 330 1942 primigenio
353 1877 471 1943 aquae,
494 1867 657 1943 serpente,
678 1866 783 1924 vento.
837 1859 977 1944 Bestiae,
1004 1861 1117 1945 inquit,
1139 1862 1217 1927 haec
1240 1869 1325 1932 esttt

145 1968 229 2030 servi
252 1964 350 2030 forma
373 1971 404 2030 et
424 1964 503 2029 haec
523 1965 713 2048 necessitas,
744 1984 802 2058 ,cur
830 1965 1035 2030 descenderet
1064 1967 1155 2051 iogus
1182 1968 1233 2032 dei
1254 1971 1286 2034 in

146 2079 266 2136 uterum
294 2073 431 2156 virgins
484 2070 547 2136 Sed
569 2089 651 2156 non,
674 2072 785 2157 inquit,
809 2071 966 2136 sufficiens
988 2081 1035 2137 est
1056 2075 1188 2140 intrasse
1208 2093 1287 2157 per-

145 2179 260 2243 fectum
282 2178 453 2262 hominem,
483 2177 598 2262 logum,
620 2180 652 2242 in
676 2187 795 2242 uterum
818 2181 944 2263 virginis
967 2188 999 2244 et
1021 2179 1152 2246 solvisse
1174 2201 1286 2264 graves

144 2287 270 2352 dolores
301 2287 353 2367 qui
382 2294 454 2350 sunt
482 2287 514 2349 in
535 2286 594 2350 iliis
617 2286 771 2366 tenebrie;
786 2261 831 2351 ᾗ
853 2287 934 2350 enim
957 2293 1116 2368 postquam
1140 2285 1171 2349 in
1192 2287 1284 2351 ioeda

82 2417 87 2426 ·
126 2395 225 2458 'uteri
247 2395 392 2476 mysteria
414 2392 546 2476 intravit,
569 2392 688 2457 ablutus
712 2400 759 2456 ast
781 2399 813 2456 et
832 2393 908 2456 bibit
924 2392 1067 2473 poculum
1081 2394 1170 2456 vivae
1185 2403 1323 2475 aquaeto

142 2501 300 2585 salientis,
329 2499 412 2582 quod
444 2506 569 2582 oportet
590 2501 715 2564 omuino
738 2497 846 2562 bibere
867 2498 955 2572 cum,
988 2499 1040 2580 qui
1060 2498 1146 2561 votet
1167 2516 1284 2564 exuere

141 2607 286 2673 seruilem
311 2607 439 2671 formam
462 2612 495 2670 et
516 2608 739 2690 superinduere
761 2603 970 2668 indumentum
993 2605 1138 2670 caeleste.

228 2712 280 2778 20.
324 2713 410 2776 liaeo
446 2719 517 2777 sunt
546 2729 626 2794 quae
658 2710 779 2794 dicunt,
813 2717 845 2776 ut
875 2709 949 2774 iicet
975 2711 1080 2792 paucis
1110 2707 1283 2792 complecti,

140 2818 302 2902 praesides
333 2817 499 2883 Sethianae
536 2817 705 2882 doctrinae.
771 2817 827 2882 Est
861 2823 962 2882 autem
998 2816 1138 2882 doctriua
1175 2833 1283 2880 eorum

141 2925 275 2990 conflata
308 2942 350 2989 ax
382 2922 570 2989 naturalibus
601 2931 634 2987 ct
664 2925 695 2986 iu
724 2924 814 2988 alium
846 2924 938 2988 tinem
970 2923 1154 3006 comparatis
1184 2922 1321 3003 dictis‚ao

139 3051 223 3115 quae
251 3033 390 3102 insuam
416 3029 586 3094 doctrinam
609 3029 833 3096 transferentes
856 3037 1015 3113 exponunt
1036 3032 1126 3095 sicuti
1148 3028 1291 3092 demou-'

140 3131 314 3203 suavimus.
357 3136 469 3201 Dicunt
492 3143 594 3200 autem
617 3140 708 3202 etiam
727 3138 838 3204 Mosen
853 3139 1090 3202 auxiliandum
1112 3136 1281 3219 doctrinae,

142 3243 274 3328 qnando.
304 3243 403 3308 dicat:
449 3243 594 3306 masdrae
635 3251 666 3306 et
692 3245 801 3326 -cetipo
833 3251 865 3308 ct
899 3244 1008 3322 mado,
1043 3241 1137 3326 haec,
1175 3241 1281 3324 inquit,

140 3351 198 3413 tria
219 3350 334 3434 verba,
364 3356 417 3413 aut
440 3349 563 3432 quando
587 3349 721 3414 dicatio
743 3350 886 3432 paradiso
910 3351 1048 3414 extitisse
1070 3355 1150 3430 tres,
1173 3347 1282 3432 Adam,

139 3455 253 3538 Evam,
275 3461 464 3540 serpentem,
488 3465 541 3520 aut
562 3456 684 3538 quando
709 3456 790 3521 dicat
811 3465 890 3542 tres,
913 3457 1004 3538 Cain,
1025 3456 1123 3534 Abel,
1146 3453 1229 3536 Seth,
1252 3461 1321 3518 etat

140 3581 248 3628 rursus
266 3573 340 3647 tres,
362 3563 443 3647 Sem,
467 3563 552 3648 iiam,
574 3562 716 3649 iapheth,
739 3571 791 3628 aut
813 3562 936 3646 quando
961 3562 1041 3627 dicat
1063 3569 1126 3625 tres
1147 3561 1282 3642 patriar-

141 3668 224 3754 chas,
247 3666 421 3752 Abraham,
444 3668 549 3754 Isaac,
571 3667 686 3754 Jacob,
708 3677 761 3734 aut
783 3668 907 3751 quando
933 3669 1014 3732 dicat
1034 3676 1099 3732 tres
1123 3668 1188 3732 dies
1212 3674 1283 3731 ante

137 3859 305 3940 npmmro'acc
318 3860 376 3919 CM
447 3863 491 3919 71.
507 3865 619 3936 Oppios]
630 3861 661 3920 Μ
674 3865 776 3935 iungit:
796 3863 906 3937 ἀνέμου,
924 3867 1031 3937 θηρίου.
1065 3861 1222 3930 Admeti.

138 3955 216 4025 ἢτοῦ
233 3951 342 4031 δούλου]
361 3954 466 4028 μορφή.
510 3952 553 4010 Gi.
571 3952 691 4030 Philipp.
717 3957 750 4022 2,
775 3955 921 4029 'ipsoppipr
945 3955 1043 4011 dodico
1056 3951 1162 4023 λαβών,
1190 3961 1218 4006 et
1233 3951 1282 4006 in-

139 4049 180 4104 ira
204 4066 231 4122 p.
252 4049 321 4114 318,
347 4047 465 4104 16-18
484 4046 527 4100 ed.
547 4043 601 4100 01.
714 4047 759 4101 74.
782 4046 828 4101 75.
857 4047 936 4100 λῦσαι
960 4045 1004 4107 τὰς
1028 4046 1138 4107 ὠδῖνας.
1164 4041 1282 4098 ctum

139 4233 232 4306 pantio
251 4240 315 4305 post
333 4231 445 4296 ἐξελθών
463 4246 513 4302 pro
531 4231 657 4286 εἰσελθεῖν
675 4245 751 4300 susp.
770 4225 802 4283 Μ
908 4231 953 4285 id.
971 4227 1074 4303 μυσερά
1098 4224 1120 4280 C
1157 4263 1167 4280 .
1236 4225 1280 4279 77.

137 4322 180 4380 Gi.
200 4321 251 4379 En.
270 4321 310 4376 lo.
330 4324 361 4387 4,
384 4321 473 4376 '1-14
587 4320 632 4374 77.
656 4323 737 4392 πιεῖν]
762 4318 890 4377 martiri}
1001 4320 1047 4376 81.
1073 4313 1215 4388 προστάται
1239 4310 1280 4366 C:

137 4414 315 4488 πρωτοστάται
331 4411 363 4470 Μ
475 4411 521 4468 83.
540 4411 621 4482 ἴδιον]
639 4412 730 4467 didmv
747 4409 770 4468 C
787 4412 818 4467 Μ
930 4410 976 4466 85.
996 4407 1039 4465 Gi.
1058 4410 1077 4462 2
1093 4404 1165 4463 idos.
1185 4403 1227 4492 iti,
1237 4405 1283 4458 22.
