3006 4976
606 319 784 379 adissent.
1214 315 1276 384 155

128 503 228 547 meam
250 503 391 563 carnem,
417 504 611 569 nequaquam
637 486 793 549 inbaldtia
815 487 848 548 in
870 506 998 568 regnum
1020 489 1191 570 caelorum,
1221 489 1279 550 aed

128 593 252 655 etiamsi
280 592 436 671 biberitis,
470 594 583 678 inquit,
615 595 761 671 calicem,
799 613 886 675 quem
914 614 972 675 epo
1002 595 1104 658 bidos
1129 615 1187 677 poc
1216 613 1274 675 ego

130 701 229 777 cado,
258 701 333 763 illuc
361 719 415 764 oca
442 703 562 763 introre
588 720 650 764 oon
674 701 812 783 potestis.
858 701 955 764 Norat
976 704 1073 786 enirn,
1097 703 1314 784 inquit,·exto

131 803 216 886 quali
239 813 346 870 nature
370 807 502 889 quisque
525 807 745 890 discipulorum
768 826 892 872 suorum
924 817 1028 893 esset,
1064 817 1095 873 et
1124 828 1276 891 quemque

133 929 242 976 eorum
265 915 296 976 in
319 916 473 996 propriam
497 924 635 979 nutarem
658 917 765 978 venire
788 921 946 997 oportere.
990 916 1066 978 Nam
1090 935 1131 979 ex
1153 915 1278 980 duode-

133 1021 193 1083 cim
216 1021 355 1086 tribubus
378 1021 545 1104 discipulos
567 1022 623 1086 sibi
647 1022 743 1104 elegit
765 1020 926 1085 duodecim
951 1029 982 1086 et
1006 1041 1063 1104 per
1085 1041 1141 1086 eos
1157 1024 1278 1087 locutus

135 1134 186 1191 est
208 1130 290 1190 omni
320 1129 419 1192 tribui.
478 1129 608 1212 Propter
630 1129 709 1210 boc,
733 1131 847 1214 inquit,
872 1128 1035 1194 duodecim
1060 1130 1277 1212 discipulorum

133 1235 301 1318 praeconia
325 1253 428 1318 neque
452 1255 559 1300 omnes
583 1235 776 1320 audiverunt,
799 1237 976 1318 nequeubi
999 1236 1153 1300 audierint
1172 1238 1316 1318 perci-tt
1351 1287 1367 1316 ,

134 1359 214 1422 pere
238 1349 376 1424 possunt·
430 1342 507 1408 Sunt
537 1345 617 1407 enim
641 1344 677 1407 iis
702 1352 809 1408 contro
833 1351 987 1429 naturam,
1022 1363 1102 1426 quae
1125 1363 1187 1409 non
1210 1351 1281 1408 sunt

91 1426 98 1440 ⁸
137 1448 308 1512 secundum
332 1457 481 1514 naturam.
533 1451 631 1534 Hunc,
652 1451 758 1534 inquit,
783 1449 927 1535 Thraces,
952 1452 1003 1532 qui
1025 1453 1108 1515 circa
1131 1435 1280 1515 Haemum

135 1556 288 1640 habitant,
319 1557 521 1639 Corybantem
549 1557 704 1639 appellant
727 1563 848 1620 etcum
872 1556 1038 1620 Thracibus
1061 1557 1197 1642 Phryges
1220 1540 1296 1640 pass'

136 1667 223 1744 riter,
247 1665 391 1746 quoniam
414 1661 433 1726 a¹
454 1667 555 1745 capite
579 1681 671 1746 supra
697 1671 729 1726 et
751 1663 789 1728 ab
812 1663 981 1746 ineffigiato
1005 1666 1138 1730 cerebro
1163 1667 1278 1730 initium

136 1772 351 1836 descensionis
382 1789 506 1835 sumens
536 1779 568 1834 et
594 1787 702 1834 omnes
726 1772 933 1834 subiectorum
955 1791 1117 1853 permeans
1140 1779 1319 1855 potesta-oo

135 1887 195 1960 tes,
219 1879 376 1960 quomodo
400 1886 430 1940 et
452 1897 512 1960 qua
534 1880 655 1942 ratione
678 1885 817 1960 permeet
833 1879 1021 1961 ignoremus.
1065 1879 1131 1942 Hoc
1149 1887 1205 1965 est,
1229 1882 1281 1971 in-

139 1987 214 2070 quit,
239 1984 350 2048 dictum
373 1985 461 2048 illud:
503 1985 611 2048 Vocem
633 1987 754 2068 quidem
775 1987 841 2048 eiua
863 1987 1046 2064 audicimus,
1070 1989 1203 2068 speciem
1221 2001 1281 2051 nuss

137 2103 198 2156 tem
219 2095 286 2156 eiua
306 2113 369 2156 non
389 2095 528 2157 vidimus.
585 2093 738 2174 Descripti
762 2092 843 2156 enirn
867 2093 949 2177 etue,
973 2095 1078 2178 inquit,
1103 2100 1134 2156 et
1156 2094 1281 2178 effigiati

138 2201 261 2265 auditur
291 2218 372 2282 vox,
404 2201 539 2282 speciem
572 2207 674 2264 autem
707 2200 841 2281 desuper
871 2200 1027 2281 delapsam
1051 2202 1089 2265 ab
1112 2202 1281 2284 ineffigiato

140 2308 239 2391 quatis
261 2308 301 2370 sit
323 2309 407 2370 novit
429 2325 531 2371 nemo.
576 2307 630 2370 Est
652 2315 753 2370 auteur
775 2307 806 2368 in
829 2306 976 2390 figmento
999 2307 1119 2393 cboico,
1143 2321 1319 2392 cognos-st

139 2417 182 2479 cit
205 2393 307 2478 autem
333 2433 401 2480 eam
424 2433 526 2480 nemo.
580 2413 651 2495 Hic,
675 2413 782 2497 inquit,
806 2422 855 2477 est
876 2411 1022 2478 dilucium
1043 2415 1283 2479 babitamdeue

138 2521 308 2588 secundum
331 2521 506 2602 psalterium
530 2529 562 2584 et
583 2522 708 2603 laquear
730 2529 821 2603 otpoe
843 2520 1022 2599 occiderem
1044 2522 1084 2585 ab
1107 2523 1197 2603 aquia
1214 2540 1282 2584 mo-

137 2632 219 2712 qnis.
268 2629 377 2711 Aquae
390 2677 398 2710 ,
419 2630 536 2712 inquit,
559 2646 690 2710 magnae
713 2635 784 2691 sunt
806 2627 963 2709 multiplex
986 2629 1158 2692 mortalium
1180 2647 1283 2712 gene-

137 2740 220 2801 ratio
250 2735 425 2819 hominum,
455 2753 495 2797 ex
525 2753 584 2816 qua
617 2727 726 2798 clamat
756 2743 788 2798 et
809 2733 997 2797 vociferatur
1020 2735 1057 2798 ad
1080 2734 1282 2818 ineffigiatum

138 2845 315 2908 bominem:
347 2843 478 2906 Secuto
486 2889 496 2920 ,
520 2842 643 2925 dicens,
666 2860 687 2904 o
709 2839 846 2904 leonibus
866 2841 1183 2921 anigenitom'meanr.
1234 2842 1282 2904 Ad
1292 2847 1322 2896 6⁰

139 2951 233 3035 buno,
255 2950 362 3033 inquit,
385 2957 432 3012 est
455 2947 584 3012 dictum:
605 2949 701 3011 lilius
722 2948 1034 3025 remeatremeat,
1056 2949 1120 3011 noli
1131 2955 1265 3010 metuere
1270 2969 1284 3023 ,·

138 3059 193 3122 obt
222 3077 281 3138 per
306 3055 432 3136 fiamine
460 3057 639 3134 munderis,
673 3075 736 3118 non
762 3062 791 3116 te
810 3056 997 3136 comptem,
1031 3055 1084 3117 ubi
1102 3075 1160 3136 per
1182 3057 1283 3136 ignem

139 3165 321 3243 dammis,
347 3183 409 3228 aon
439 3171 468 3225 te
497 3162 660 3226 comburet.
712 3161 863 3246 Flumina,
886 3161 1000 3245 inquit,
1029 3161 1106 3225 dicit·
1131 3160 1282 3225 humidam

140 3271 355 3358 generationis
378 3278 534 3354 naturam,
565 3269 669 3352 ignem
693 3275 794 3332 autern
818 3268 857 3333 ad
881 3269 1115 3353 generationem
1138 3269 1283 3351 impeturn

141 3387 174 3444 et
196 3377 348 3444 ardorem.
396 3379 439 3441 lit
460 3396 545 3440 meua
566 3395 610 3454 ea,
632 3377 698 3438 noli
719 3383 862 3438 metuere.
906 3375 945 3438 Et
961 3393 1078 3460 rursus,
1102 3376 1217 3457 inquit:
1248 3377 1323 3439 Siti

144 3620 178 3672 17
193 3617 412 3686 Ἅπακατᾶααιαον
429 3620 474 3690 ripa
491 3619 581 3692 ψυχήν
597 3637 652 3693 μου
672 3617 727 3674 ἀπὸ
744 3618 786 3686 τῆς
802 3621 967 3691 κακουργίας
985 3617 1078 3683 αὐτῶν,
1103 3617 1156 3673 ἀπὸ
1174 3617 1286 3672 λεόντων

138 3713 185 3777 ἠν
210 3711 344 3784 μακηενῆ
366 3731 430 3785 μου.
473 3709 573 3766 Psalm.
593 3712 642 3776 21,
667 3711 712 3767 21.
730 3711 776 3764 22.
793 3709 884 3764 ‘Paisos
902 3709 955 3764 ἀπὸ
974 3710 1116 3784 pappolus
1132 3709 1178 3777 τὴν
1195 3711 1285 3783 ψυχήν

138 3823 205 3878 μου,
230 3803 276 3858 καὶ
294 3806 322 3859 ἐκ
335 3804 428 3877 χειρὸς
444 3805 524 3866 κακὸς
540 3805 586 3871 τὴν
602 3804 737 3878 peroptavi
753 3823 817 3877 μου.
859 3801 954 3858 laicis
971 3821 1006 3876 prs
1023 3805 1052 3857 ln
1069 3801 1197 3876 στόματος
1214 3806 1287 3858 tica·

139 3915 225 3960 κοςκ.
244 3899 307 3952 ιλ.
430 3897 503 3952 19-
516 3897 561 3952 bt.
594 3894 636 3952 Cf.
662 3894 719 3951 Jes.
745 3897 795 3962 41,
820 3895 847 3952 8.
901 3893 942 3950 zo
968 3895 997 3949 di
1017 3893 1119 3967 Ἰσραὴλ
1143 3899 1209 3957 παῖς
1231 3916 1287 3970 μου

140 3987 210 4064 (Jes.
234 3989 285 4054 49,
311 3989 329 4044 3
353 3989 453 4050 Aetate
474 4009 530 4062 μου
552 3992 577 4044 el
599 3989 632 4044 ci
653 3987 779 4060 Ἰσραήλ)
804 3985 862 4041 Jss.
881 3987 932 4052 43,
960 3987 984 4040 1.
1002 3989 1030 4041 2.
1062 3987 1107 4054 Μὴ
1133 3987 1229 4058 φοβοῦ,
1249 3986 1288 4040 ‘tn

139 4081 329 4154 ἰλακρωαάμην
346 4099 382 4146 σε,
402 4080 511 4135 ἐκάλεσα
530 4098 559 4136 σε
576 4081 603 4134 ri
623 4079 711 4154 ὄνομά
729 4096 785 4144 ooo,
804 4079 871 4152 ἐμὸς
888 4082 913 4134 el
931 4077 971 4132 ari.
1008 4079 1065 4132 Καὶ
1082 4078 1129 4132 ἐὰν
1147 4081 1288 4150 διαραἰνῃς

140 4173 175 4228 ds‘
194 4171 303 4238 idcirce,
327 4175 393 4247 μετὰ
411 4175 460 4228 σοῦ
473 4177 536 4247 εἰμι’,
554 4173 601 4228 καὶ
618 4173 735 4246 ποταμοὶ
753 4171 784 4226 od
804 4171 994 4244 αυγκλύσοασὸν
1012 4187 1054 4226 σε·
1086 4169 1131 4224 καὶ
1154 4169 1201 4223 ἐὰν
1219 4170 1287 4223 διέλ-

138 4271 193 4338 θῃς
210 4267 257 4320 διὰ
273 4266 366 4339 πυρός,
395 4266 426 4321 od
444 4265 483 4340 μὴ
500 4265 680 4339 κατακαυθῇς,
711 4265 779 4336 φλὸξ
798 4263 829 4318 οὐ
849 4263 1007 4318 κατακαύσει
1024 4279 1059 4315 σε.
1176 4261 1221 4313 24.
1240 4260 1286 4314 25.

139 4355 199 4412 Jes.
219 4359 263 4422 ts,
285 4359 325 4413 15.
358 4357 403 4426 Μὴ
427 4357 571 4425 ἐπιλήσεται
588 4357 655 4431 γυνὴ
673 4357 719 4412 τοῦ
738 4343 848 4412 παιδίου
868 4357 946 4423 αὐτῆς
964 4353 1064 4426 scripti
1082 4352 1230 4418 liniamenti
1248 4354 1288 4406 la·
1315 4387 1317 4392 -

140 4470 212 4524 ycac
230 4450 272 4518 τῆς
289 4452 392 4512 notitam
410 4451 488 4519 adripe
494 4471 504 4518 ,·
