3056 4970
592 309 812 380 VALENTINUS.
1210 314 1275 380 267

137 487 259 553 maliana
282 506 300 552 a
322 483 419 552 stellis
441 485 524 550 terri.
573 485 652 550 Esse
679 493 780 551 autem
808 505 862 551 eas
893 487 982 553 morti
1006 487 1178 569 obnoxias,
1210 505 1278 552 cum

138 595 261 658 suntin
283 611 427 676 corpore,
450 593 538 676 quasi
560 591 700 658 delesses
723 599 866 675 tanquam
879 595 910 658 in
933 594 1089 678 sepulcro,
1111 611 1282 680 resurgere

138 709 241 767 autam
252 707 283 764 el
295 699 633 784 evadereimmcrtales‚
650 717 719 764 cum
742 701 958 783 acorporibus
974 701 1147 766 liberamur.
1195 702 1282 766 llnde

138 807 224 871 Plato
247 809 454 888 interrogatus
479 826 495 870 a
512 809 656 890 quopiam
675 807 747 890 quid
770 815 854 873 esset
875 807 1086 891 philosophia,
1107 810 1281 892 respondit:

140 913 295 979 (incessus
311 915 430 977 animae
446 931 617 997 acorpore‚
640 913 713 999 (26.)
728 917 839 998 quippe
852 917 903 997 qui
916 915 1111 999 Pythagorae
1127 922 1159 979 et
1172 916 1320 980 huruuua

141 1038 318 1086 sermonum
347 1022 498 1084 extitisset
526 1021 711 1105 discipulus,
740 1023 771 1085 in
795 1023 906 1102 quibus
928 1023 1154 1087 sermocinatur
1174 1030 1204 1086 et
1225 1041 1284 1106 per

141 1127 314 1210 aenigmata
337 1133 370 1190 et
392 1124 563 1190 huiusmodi
587 1123 684 1189 dicta:
709 1125 760 1188 Ec
778 1127 907 1208 proprio
929 1126 982 1189 ebt
1001 1127 1127 1204 morta,
1150 1129 1283 1192 noliac-

140 1233 238 1309 eea,
259 1234 309 1296 rin
329 1251 414 1310 cero,
439 1231 569 1309 Felice,
593 1233 732 1296 lactitiae
754 1234 979 1312 oociliotaa'cea,
1003 1243 1032 1297 te
1052 1241 1282 1316 persequenter,

139 1341 345 1423 proprium
367 1339 524 1422 appellans
547 1357 668 1422 corpus,
692 1339 838 1403 Furios
859 1347 958 1403 autem
983 1339 1171 1406 affectiones.
1208 1339 1283 1405 Gom

143 1449 245 1532 igilur,
266 1449 372 1531 inquit,
397 1447 472 1530 abis,
495 1446 557 1510 hoc
581 1453 627 1509 est
647 1445 774 1510 excedis
796 1465 837 1509 ex
856 1463 998 1530 corpore,
1021 1447 1085 1511 noli
1106 1446 1180 1511 illud
1202 1462 1323 1514 con-to

144 1556 315 1638 cupiscere,
337 1555 389 1619 ubi
412 1561 514 1618 autem
534 1553 749 1637 concupisces,
772 1569 878 1617 rursus
897 1561 930 1616 te
945 1552 1072 1618 allectus
1088 1556 1287 1638 compingent

144 1663 176 1726 in
199 1681 322 1744 corpus.
365 1662 443 1725 Esse
467 1661 546 1724 enim
571 1661 621 1724 isti
645 1660 811 1723 animarum
834 1660 1134 1744 transmigrationem
1156 1662 1187 1722 in
1211 1678 1286 1724 cor-

148 1789 224 1852 pore
246 1776 389 1852 statuunt,
412 1775 445 1832 ut
467 1769 556 1832 otiam
580 1765 784 1849 Empedocles
806 1765 1048 1850 pythagorirans
1070 1768 1121 1830 ait.
1156 1765 1287 1848 Oportet

148 1879 238 1960 enim,
259 1879 366 1961 inquit,
385 1875 574 1957 voluptarias
598 1875 714 1939 animes
726 1924 735 1957 ‚
758 1877 792 1936 ut
812 1872 898 1936 Plato
921 1872 1011 1958 dicit,
1034 1891 1101 1936 curn
1123 1871 1286 1938 humanam

146 1983 355 2049 conditionem
377 1999 488 2065 passae
512 1998 575 2044 non
598 1978 913 2064 philosophabantur,
940 1996 997 2061 per
1019 1979 1120 2044 omnia
1145 1980 1325 2050 animalium

148 2110 253 2158 meare
276 2096 307 2155 et
328 2090 448 2174 plautas
469 2105 578 2153 rursus
600 2089 632 2150 in
658 2087 821 2151 humanum
844 2102 975 2169 corpus,
1012 2091 1043 2148 et
1072 2103 1141 2149 cum
1165 2085 1286 2167 quidem

148 2193 410 2282 philosophabitur
431 2199 462 2260 iu
486 2195 595 2260 eodem
621 2211 754 2274 corpore
777 2199 833 2272 ter,
865 2193 897 2255 in
919 2199 1074 2276 cognatae
1097 2193 1205 2257 stellae
1228 2213 1287 2257 na-

148 2315 245 2371 turam
269 2297 457 2386 ascendere,
487 2304 533 2365 sin
565 2319 628 2365 non
659 2297 941 2383 philosophabitur,
973 2315 1080 2363 rursus
1108 2298 1146 2363 ad
1170 2298 1289 2364 cadam.

148 2415 243 2479 Posse
272 2413 366 2496 igilur
395 2410 492 2492 inquit
521 2406 673 2472 interdurn
696 2406 825 2470 animam
849 2407 939 2470 etiam
963 2406 1122 2470 mortalem
1142 2408 1289 2492 evadere,

149 2539 217 2585 curn
241 2538 257 2583 a
278 2519 377 2582 Furiis
399 2520 578 2599 superetur,
606 2513 668 2577 hoc
690 2520 738 2576 est
758 2512 794 2576 ab
818 2510 996 2596 affectibus,
1026 2519 1057 2575 et
1078 2514 1327 2598 immortalemoo

150 2645 219 2692 cum
241 2625 348 2689 Furias
371 2622 508 2707 effugiat,
532 2621 583 2703 qni
606 2625 678 2683 sunt
700 2619 838 2684 allectus.

235 2731 287 2798 27.
332 2730 393 2796 Sed
427 2728 570 2810 qnoniam
600 2727 691 2791 etiem
722 2724 855 2789 obscura
885 2741 902 2786 a
937 2722 1108 2807 Pythagora
1140 2719 1221 2786 dicta
1251 2722 1289 2786 ad

151 2837 317 2922 discipulos
338 2855 396 2919 per
417 2835 554 2919 symbola
578 2834 642 2899 orsi
664 2848 767 2897 sumus
791 2830 911 2914 dicere,
933 2829 1035 2911 placet
1057 2829 1148 2892 etiarn
1170 2827 1289 2910 reliqua

152 2949 318 3030 attingere,
351 2948 516 3026 propterea
545 2938 629 3021 quod
652 2942 742 3004 ctiam
765 2935 1003 3001 haeresiarchae
1027 2933 1165 3000 similiter
1187 2936 1290 2999 conati

151 3061 222 3120 suut
243 3054 287 3116 uti
308 3051 463 3135 symbolis,
487 3047 583 3129 idque
605 3063 668 3110 non
692 3045 765 3128 suis,
788 3043 845 3108 sed
867 3042 1064 3126 Pythagorea
1087 3041 1213 3104 mutuati
1238 3039 1329 3109 ali-cn

151 3169 210 3226 cta.
254 3159 354 3222 Docet
376 3157 468 3238 igitur
489 3153 680 3238 Pythagoras
703 3151 868 3234 discipulos
892 3166 966 3214 suos
988 3149 1034 3212 his
1056 3148 1178 3212 verbis:
1210 3148 1292 3212 Fos-

151 3267 281 3334 cicolom
308 3265 403 3329 certa
437 3261 596 3344 ahogoloe
632 3260 798 3340 colligato,·
830 3257 976 3338 quoniam
1011 3255 1064 3338 gui
1099 3255 1292 3340 peregrinari

151 3354 310 3438 instituunt
339 3373 370 3434 in
401 3370 502 3434 lorum
533 3367 680 3452 colligant
708 3365 889 3428 vestimenta
912 3381 968 3427 sua
990 3361 1027 3426 ait
1050 3368 1139 3427 ttsuru
1162 3363 1291 3426 itineris:

152 3480 192 3547 ita
219 3485 343 3562 paratos
374 3493 445 3541 esse
477 3475 540 3538 uult
567 3472 749 3554 discipulos,
781 3471 853 3552 quia
884 3469 995 3552 quovis
1025 3476 1180 3532 momento
1210 3486 1293 3532 mors

154 3587 400 3669 appropinquare
420 3583 533 3665 possit,
559 3598 599 3644 ne
625 3578 696 3661 quid
719 3578 756 3641 iis
779 3578 860 3642 desit
883 3593 1010 3661 eorum,
1033 3595 1113 3658 quae
1137 3574 1330 3657 disciplinato

153 3690 352 3778 percipienda
385 3696 465 3756 sunt.
518 3690 712 3770 Quapropter
741 3703 782 3750 ex
809 3683 995 3748 necessitate
1018 3683 1070 3746 ubi
1091 3683 1221 3764 primurn
1243 3681 1294 3744 lu-

153 3887 302 3961 ἀποδημεῖν
317 3885 360 3952 ι’ἢς
378 3885 463 3946 chius
480 3883 518 3957 poi
535 3883 708 3954 lnmrplpae·
735 3879 854 3952 Ἐρινύες
876 3878 930 3952 γὰρ
954 3879 1133 3952 μετέρχονται.
1247 3879 1292 3932 66.

153 3982 233 4051 ἰδίην]
251 3977 295 4035 De
314 3977 435 4032 louiamo
456 3975 518 4031 ride
536 3972 698 4044 Goettliugii
718 3970 822 4045 Opusc.
841 3989 913 4027 verr.
935 3988 962 4043 p.
981 3971 1045 4026 307.
1161 3970 1206 4024 66.
1224 3963 1295 4024 Plat.

154 4074 263 4128 Phaedr.
290 4089 318 4142 p.
336 4068 436 4124 2466.
454 4065 484 4122 Μ
608 4064 653 4120 ll.
684 4069 815 4137 agentum
842 4080 875 4135 pr
899 4059 921 4118 C
1044 4060 1089 4115 to.
1115 4057 1295 4137 ἔνηρξάμιθα]

153 4163 289 4236 ἰνὴρμεθα
312 4157 352 4216 Ga
385 4159 543 4233 ἄνμρὴμεθα
560 4175 636 4229 susp.
655 4154 702 4211 Μι
730 4155 885 4229 ἓνὴργμεθα
903 4151 1087 4226 Gaettllngiua
1106 4136 1296 4223 et'lloeperur

119 4285 123 4294 .
153 4257 198 4310 78.
218 4255 267 4327 οὐχ
292 4253 369 4306 letior
392 4249 414 4307 C
533 4251 580 4307 86.
609 4247 749 4320 Diogenes
776 4257 805 4303 et
831 4246 1008 4307 lamblichus:
1040 4245 1070 4300 rel
1093 4243 1232 4317 στρώματα
1255 4242 1298 4298 ἀεὶ

156 4347 350 4418 συνδεδεσμένα
368 4347 447 4417 ἔχειν.
560 4343 605 4399 82
635 4338 764 4397 ostreo
878 4341 924 4397 83.
942 4339 987 4396 84.
1011 4337 1096 4411 μηδὲν
1118 4337 1225 4409 llam
1248 4336 1300 4390 aon

156 4439 281 4506 παθητῶν
299 4439 327 4491 ἐν
345 4437 398 4493 olet
415 4452 491 4510 cusp.
510 4433 540 4492 Μ
