3052 4984
258 289 322 356 ουτ
367 289 583 378 (nanneno.)
714 297 808 357 ararn
830 295 888 368 vn,
912 300 963 356 ετ.

255 460 311 520 τοῦ
329 455 440 542 Ἰησοῦ.
487 458 555 533 Τάς
576 457 613 523 δὲ
635 461 746 546 ψυχάς
767 459 874 528 αὑτῶν
896 462 932 527 ἐκ
948 465 1002 550 τής
1020 461 1246 548 ὑπερκειμένης
1261 463 1418 539 ἐξουσίας

257 563 441 650 παρούσας,
474 569 528 629 καὶ
551 565 607 630 διά
627 571 717 630 τοῦτο
742 566 893 646 ὡσαύτως
918 567 1186 659 καταφρονούσας
1206 573 1270 634 τῶν
1291 583 1416 650 κοσμο-

221 681 250 730 1ο
259 675 377 749 ποιῶν,
398 671 475 757 Ιτής
497 670 593 758 αὑτής
614 670 777 758 ἠξιῶσθαι
798 674 966 760 δυνάμεως
986 684 1041 743 καί
1069 675 1171 753 αὖθις
1199 677 1245 754 είς
1270 677 1305 742 τδ
1327 675 1412 740 aare

258 783 416 865 χωρῆσαι·
438 780 468 844 εί
489 778 527 843 δί
546 803 591 856 τις
613 779 734 846 ἐκείνου
756 782 857 848 πλόον
878 786 1149 873 καταφρονήσειεν
1169 789 1233 850 τῶν
1248 785 1411 858 ἐνταῦθα,

258 884 424 950 δύνασθαι
445 884 686 973 διαφορώτερον
707 887 806 953 αῦτοῦ
828 889 992 975 ὑπάρχειν.
1040 896 1163 974 Τέχνας
1190 889 1250 958 υύν
1270 889 1412 976 μαγικάς

257 991 477 1078 ἐξεργάζονται
508 999 562 1057 καί
590 993 767 1073 ίτταοιδάς,
803 997 921 1084 φίλτρα
952 1022 984 1063 τε
1014 1003 1070 1062 καί
1097 999 1281 1086 χαριτήσια,
1305 999 1411 1082 παρέ-

256 1097 354 1185 δρους
374 1123 406 1164 τε
425 1105 480 1164 καί
501 1099 757 1188 όνειροπόμπους
778 1111 832 1169 καί
862 1107 901 1170 τά
933 1106 1033 1171 λοιπά
1056 1107 1314 1194 κακουργήματα,
1337 1103 1409 1192 φά-

217 1223 379 1284 υυσκονοες
400 1208 550 1286 ἐξουσίαν
571 1209 654 1289 ἔχειν
676 1212 758 1296 πρδς
778 1217 812 1275 τό
835 1213 990 1298 κυριεύειν
1012 1212 1074 1299 ήδη
1096 1217 1159 1278 τῶν
1172 1211 1336 1299 ἀρχόντων
1351 1215 1409 1276 καὶ

254 1321 393 1404 ποιητῶν
416 1316 508 1381 τοῦδε
537 1320 593 1381 τοῦ
616 1318 751 1400 κόσμου,
785 1316 825 1384 οῦ
857 1320 922 1406 μήν
949 1319 1034 1385 άλλά
1067 1325 1122 1384 καὶ
1152 1323 1216 1384 τῶν
1248 1321 1285 1385 ἐν
1317 1317 1406 1404 αύτῷ

252 1423 440 1510 ποιημάτων
462 1423 630 1490 ἁπάντων·
661 1431 774 1500 οίτινες
800 1431 855 1490 καί
876 1426 966 1492 αῦτοῐ
987 1427 1032 1503 είς
1055 1426 1210 1513 διαβολήν
1231 1431 1287 1492 τοῦ
1308 1429 1405 1491 θείου

248 1536 302 1618 τῆς
322 1529 487 1616 ἐκκλησίας
507 1530 663 1614 όνόματυς
685 1531 765 1618 πρὸς
794 1531 833 1596 τά
864 1534 947 1620 ἔθνη
976 1534 1040 1599 euri
1068 1539 1123 1598 τοῦ
1152 1540 1276 1600 narare
1304 1557 1403 1616 προε-

252 1639 441 1726 βλήθησαν,
464 1645 519 1703 ίνα
541 1637 613 1704 κατ’
630 1638 732 1703 ἄλλον
746 1644 802 1703 καί
814 1639 916 1705 ἄλλον
931 1642 1050 1726 τρόπον
1066 1639 1104 1706 τά
1118 1641 1248 1707 ἐκείνων
1264 1640 1404 1706 άκούυν-

214 1767 243 1816 25
252 1771 300 1822 τες
322 1749 512 1834 άνθρωπυι,
545 1751 599 1810 καὶ
624 1745 792 1822 δοκοῦντες
814 1746 899 1834 ήμάς
919 1749 1044 1824 πάντας
1064 1749 1224 1824 τοιούτους
1244 1746 1402 1833 ὑπάρχειν

251 1856 479 1940 άπυστρέφωσι
500 1856 555 1929 τάς
577 1851 680 1930 άκοάς
701 1851 809 1918 αῦτῶν
829 1852 897 1918 δπὺ
919 1859 974 1918 τοῦ
996 1861 1049 1941 τῆς
1065 1854 1222 1941 α’ληθείας
1237 1852 1401 1940 κηρύγμα-

250 1984 316 2038 τος,
339 1963 360 2047 ή
381 1967 435 2025 καί
454 1961 625 2043 βλέποντες
650 1965 688 2024 τά
717 1960 849 2025 ἐκείνων
870 1959 1019 2036 ἅπαντας
1041 1961 1126 2048 ήμᾶς
1155 1961 1398 2047 βλασφημῶσιν.

250 2069 307 2144 Είς
328 2072 475 2132 τυσυῦων
497 2067 533 2132 δὲ
554 2071 875 2150 μετενσωματυῦσθαι
898 2067 1058 2154 φάσκουσι
1079 2070 1135 2145 τάς
1157 2069 1285 2155 ψυχάς,
1322 2067 1400 2132 ὅσον

250 2176 358 2238 πάντα
379 2175 418 2240 τά
436 2173 648 2260 ἁμαρτήματα
669 2175 895 2262 πληρώσωσιν·
920 2172 998 2238 ὅταν
1020 2174 1056 2238 δὲ
1077 2174 1177 2260 μηδὲν
1199 2174 1309 2265 λείπῃ,
1331 2174 1399 2238 τότε

212 2279 531 2365 ουδλευθερωθετσαν
552 2279 780 2366 άπαλλαχήναι
802 2281 885 2368 πρός
917 2281 1039 2346 ἐκείνου
1070 2285 1127 2346 τδν
1155 2281 1305 2369 ὑπεράνω
1334 2287 1398 2345 τῶν

250 2393 455 2472 κοσμοποιῶν
478 2386 621 2468 α’χχέλων
642 2385 736 2466 θεόν,
759 2393 813 2452 καὶ
834 2387 933 2464 οῦτως
962 2391 1174 2474 σωθήσεσθαι
1203 2388 1312 2464 πάσας
1340 2391 1397 2463 τάς

249 2497 368 2584 ψυχάς.
416 2501 508 2572 Τινὲς
530 2495 567 2560 δὲ
590 2497 765 2582 φθάσασαι
787 2496 823 2560 τίν
844 2500 904 2579 μιᾷ
926 2501 1088 2578 παρουσίᾳ
1111 2496 1306 2581 α’ναμιχή-ναι
1327 2495 1396 2561 πά-

250 2634 433 2722 ῦπερβολήν
462 2641 515 2722 τής
535 2637 680 2716 γνώσεως
709 2641 763 2700 καί
793 2637 827 2699 τδ
862 2635 1083 2722 περισσότερον
1113 2643 1165 2722 τής
1194 2637 1397 2722 διαπράξεως

250 2740 421 2828 διαφόρων
443 2740 618 2819 διεξόδων·
640 2740 733 2806 ἄλλοι
757 2741 792 2805 δὲ
815 2741 850 2818 ἐξ
873 2739 978 2806 αδτῶν
1000 2742 1158 2826 φάσκουσι
1172 2742 1272 2828 μηδὲν
1291 2741 1396 2827 διενη-

247 2849 377 2927 νοχέναι
397 2850 453 2911 τοῦ
475 2849 584 2929 κυρίου
607 2845 697 2932 ήμῶν
714 2845 815 2931 Ἰησοῦ
836 2849 985 2928 Χριστοῦ.
1029 2843 1077 2911 Ai
1091 2847 1153 2931 γάρ
1172 2851 1277 2934 ψυχαὶ
1296 2847 1395 2931 ἐκτής

247 2950 344 3036 αὑτῆς
365 2954 544 3035 περιφοράς
567 2951 627 3013 είσι
648 2954 703 3014 καί
724 2949 842 3034 ὁμοίως
862 2950 943 3013 κατά
964 2955 1021 3036 τήν
1051 2955 1106 3014 τοῦ
1131 2949 1231 3035 Ἰησοῦ
1263 2951 1394 3015 πάντων

245 3054 484 3141 καταφρόνησιν
505 3051 728 3139 ποιησάμεναι.
774 3057 837 3118 Καὶ
865 3049 901 3115 ai
931 3057 1054 3130 πᾶσαι,
1078 3055 1180 3139 φασί,
1204 3059 1309 3139 ψυχαί
1339 3058 1392 3139 τῆς

246 3157 343 3246 αὑτής
372 3158 537 3241 δυνάμεως
569 3159 768 3244 ήξιώθησαν,
800 3154 838 3243 ής
866 3160 920 3221 καί
957 3161 1012 3222 τοῦ
1028 3156 1129 3244 Ἰησοῦ
1168 3155 1312 3242 ήξίωται·
1342 3158 1392 3222 διδ

245 3267 299 3326 καὶ
320 3261 437 3338 ταῦτάς
459 3278 540 3347 φασι
561 3273 676 3346 χωρεΐν
698 3262 754 3326 διά
776 3260 883 3346 πάσης
907 3261 1069 3345 πράξεως,
1100 3261 1254 3344 καθάπερ
1281 3259 1393 3344 άμέλει

247 3373 302 3431 καὶ
324 3365 342 3454 ή
366 3371 422 3431 τοῦ
440 3365 543 3452 Ἰησοῦ
566 3365 767 3452 διελήλυθεν.
817 3365 858 3429 Ei
889 3364 924 3428 δὲ
958 3368 1013 3427 καί
1038 3387 1082 3438 τις
1109 3363 1209 3427 πάλιν
1238 3363 1392 3452 δυνηθείη

245 3469 327 3554 ὑπὲρ
349 3473 403 3535 τδν
421 3469 542 3557 Ἰησοῦν
563 3472 804 3556 καταφρονῆσαι
813 3518 824 3548 ,
855 3467 1091 3554 διαφορώτερος
1111 3448 1197 3532 ε’δται
1219 3466 1327 3532 αὑτοῦ.

330 3614 360 3678 3.
405 3615 496 3678 Aries
520 3615 599 3678 enim
622 3615 757 3696 magicas
781 3621 948 3695 operantur
970 3619 1001 3675 ei
1023 3613 1079 3694 ipsi
1103 3619 1133 3674 ei
1153 3613 1389 3696 incantationes,

244 3719 352 3804 philtra
382 3738 508 3802 quoque
541 3728 572 3784 et
600 3719 763 3784 charitesia
801 3727 831 3782 ei
869 3717 1018 3801 paredros
1048 3725 1077 3780 ei
1109 3719 1327 3800 oniropompos
1360 3728 1390 3783 ei

245 3826 380 3908 reliquas
403 3825 653 3911 malignationea,
676 3826 815 3890 dieentes
837 3843 873 3888 sa
895 3829 1078 3908 potestatem
1112 3823 1229 3888 habere
1260 3824 1298 3888 ad
1330 3825 1389 3888 do-

245 3931 421 3995 minandum
456 3933 514 3994 inm
542 3933 729 4014 principibus
754 3942 785 3995 et
808 3930 1040 3995 fabricatoribus
1068 3929 1157 3995 huius
1180 3931 1300 4010 mundi;
1327 3949 1387 3994 non

244 4038 343 4102 solnm
369 4044 486 4119 anien,
509 4037 563 4100 sad
586 4043 617 4100 et
639 4037 686 4101 his
709 4038 868 4123 omnibuS,
891 4055 971 4118 quae
995 4039 1024 4100 in
1049 4054 1088 4098 eo
1112 4047 1183 4102 sunt
1205 4037 1295 4102 [acia.
1332 4037 1388 4112 Oui

243 4153 275 4209 et
297 4145 353 4224 ipsi
381 4147 419 4208 ad
450 4144 673 4208 detractionem
705 4145 796 4207 divini
829 4143 980 4208 ecciesiae
1010 4143 1155 4228 nominis,
1186 4144 1386 4226 quemadmo-

242 4250 313 4314 dum
337 4255 369 4312 et
393 4258 503 4332 gentes
527 4271 543 4314 a
566 4252 678 4316 Saiana
708 4251 867 4333 praemissi
897 4258 985 4333 suni,
1018 4253 1061 4314 uii
1094 4247 1263 4312 secundnm
1297 4247 1385 4310 aliurn

322 4371 363 4428 14.
393 4375 624 4443 καταφρονούσας]
649 4377 827 4444 καταφρονεῖν
846 4369 867 4427 C
886 4370 916 4426 Μ
1069 4371 1110 4426 14.
1139 4371 1180 4426 15.
1205 4369 1388 4442 κοσμοποιῶν]

244 4461 417 4532 κοσμοποιῶν
435 4459 481 4514 διὰ
499 4456 534 4516 Cr
554 4461 726 4532 κοσμοποιῶν
744 4462 790 4514 διὰ
804 4459 832 4515 τό
849 4456 879 4515 Μ
1035 4460 1076 4514 18.
1107 4457 1299 4530 ίξεργάζονται]
1319 4459 1388 4528 ίξερ-
