3050 4988
631 345 817 406 anullinus.
1238 339 1298 406 351

155 517 268 600 licens,
300 515 357 580 sed
388 515 564 597 simpliciter
597 514 716 580 animal.
775 514 823 578 Ab
857 512 917 577 lroe
949 513 1070 578 animali
1111 512 1301 598 singulorum

155 641 348 706 quorumque
372 620 545 685 animalium
566 623 687 702 species
709 621 887 703 principium
910 619 1033 684 habent.
1086 621 1124 685 Et
1146 628 1194 684 cst
1215 622 1303 701 prin-

157 731 268 814 cipium
291 728 472 794 animalibus
495 727 671 810 specialiter
693 732 851 812 generatis
878 727 938 793 hoc
966 729 1073 811 specie
1100 747 1210 794 carens
1234 729 1304 791 ani-

158 838 234 924 mal,
258 844 290 901 et
312 845 533 922 generatorum
556 836 681 899 nullum.
745 837 800 901 list
829 837 909 899 enim
940 835 1032 900 lrorno
1062 836 1191 920 animal,
1220 836 1303 918 quod

158 946 196 1009 ab
219 945 270 1010 illo
295 943 416 1010 animali
439 943 618 1026 principium
643 943 743 1028 ducit,
777 952 807 1008 et
836 944 944 1008 animal
972 962 1069 1025 equus
1098 942 1209 1009 abillo
1233 944 1343 1005 ani-⁷0

156 1053 228 1117 mali
250 1051 369 1116 habens
391 1051 582 1133 principium.
627 1050 733 1132 Equus
757 1058 786 1114 et
814 1052 871 1115 bos
902 1059 933 1114 et
962 1053 1048 1115 canis
1079 1057 1110 1114 et
1136 1049 1304 1131 quodcun-

158 1178 218 1243 que
252 1161 443 1243 reliquorum
476 1156 649 1220 animalium
685 1157 722 1221 ab
755 1158 876 1223 animali
905 1158 1034 1240 simplici
1062 1157 1157 1221 lrabet
1185 1156 1304 1238 princi-

157 1268 254 1350 pium,
278 1265 361 1349 quod
384 1271 431 1329 est
454 1264 562 1328 horum
586 1263 709 1330 nullum.
762 1264 836 1350 (17.)
859 1267 912 1332 Sin
935 1274 1035 1330 autem
1058 1263 1166 1328 horum
1190 1262 1303 1326 nullum

158 1382 206 1438 est
228 1373 302 1438 illud
326 1373 453 1454 animal,
484 1391 525 1435 ex
546 1371 835 1436 nou-existentibus
859 1373 959 1436 extitit
988 1372 1155 1436 secundum
1180 1373 1305 1436 Aristo-

158 1480 401 1565 teloneorum,
432 1499 511 1562 quae
534 1489 681 1565 generata
714 1486 798 1564 sunt,
828 1481 1005 1559 existenda
1040 1481 1153 1545 etenim
1185 1478 1344 1566 animulae

160 1590 240 1652 unde
263 1588 342 1652 haec
364 1595 481 1669 sumpta
504 1594 575 1650 sunt
595 1587 732 1674 singula,
756 1596 803 1653 est
825 1589 957 1668 nullum3
979 1589 1092 1652 nullum
1116 1596 1217 1653 autem
1238 1609 1305 1653 cum

158 1697 214 1780 sit,
238 1697 335 1760 extitit
356 1713 481 1778 eorum,
505 1701 695 1779 quaesunt,
723 1714 816 1760 unum
840 1696 965 1778 aliquod
988 1698 1178 1779 principium.
1230 1696 1305 1771 Quis

58 1831 61 1840 v
159 1811 260 1866 autem
277 1804 314 1866 sit
336 1801 403 1884 ille,
429 1803 480 1884 qui
502 1803 605 1883 posuit
625 1800 704 1866 hano
727 1803 924 1868 substantiam
956 1821 1066 1868 eorum
1097 1823 1178 1887 quae
1198 1813 1306 1886 postea

160 1913 327 1975 extiterunt
349 1911 546 1992 principium,
569 1927 637 1974 cum
662 1908 879 1976 devenerimus
900 1913 930 1976 in
954 1931 1022 1977 euro
1045 1912 1161 1998 locum,
1185 1913 1237 1996 qui
1259 1912 1306 1978 lris

161 2017 331 2084 destinatus
354 2024 418 2102 est,
440 2017 616 2098 prodemus.
1315 2047 1346 2099 ω

248 2123 298 2190 18.
343 2124 493 2199 Quoniam
517 2133 618 2188 autem
641 2124 809 2190 substantia
833 2123 979 2188 triiariam
1002 2124 1098 2190 divisa
1120 2134 1177 2210 est,
1200 2133 1233 2190 ut
1256 2127 1307 2190 di·-

161 2235 282 2317 cebam,
303 2233 335 2295 in
357 2249 474 2315 genus,
497 2231 646 2316 speciem,
668 2230 873 2316 individuum,
896 2238 927 2294 et
939 2235 1095 2315 posuimus
1117 2251 1216 2316 genus
1236 2252 1307 2298 esse

162 2340 293 2424 animal,
328 2338 482 2403 hominem
506 2345 607 2402 autem
630 2356 700 2402 asse
723 2342 857 2422 speciem
887 2360 904 2404 a
927 2357 1027 2423 grege
1053 2341 1225 2404 animalium
1248 2343 1306 2406 iarn

161 2455 330 2526 secretam,
354 2455 386 2511 at
408 2445 568 2512 coniusam
591 2453 693 2510 tamen
717 2449 897 2528 etiamnum,
928 2465 985 2510 nec
1015 2449 1074 2510 iam
1096 2447 1255 2530 figuratam
1276 2451 1307 2512 in

163 2557 298 2637 speciem
320 2553 487 2636 peculiaris
510 2553 715 2618 substantiae:
751 2572 821 2618 curn
850 2554 973 2618 nomine
1002 2553 1178 2637 figuravero
1203 2553 1346 2624 homi-sa

162 2681 232 2726 nam
255 2681 273 2727 a
295 2680 413 2745 genere
436 2669 605 2745 sumptum,
629 2661 785 2744 appellans
810 2661 969 2725 Socratem
994 2667 1046 2724 aut
1064 2660 1237 2743 Diogenem
1259 2670 1311 2726 aut

162 2789 225 2834 uno
249 2770 351 2851 aliquo
376 2787 416 2832 ex
439 2768 539 2832 multis
571 2786 651 2851 quae
684 2775 755 2831 sunt
788 2765 982 2852 nominibus,
1015 2775 1046 2830 et
1072 2767 1196 2832 nominc
1219 2787 1310 2833 com-

162 2876 358 2960 prehendero
381 2875 552 2959 hominam,
583 2876 635 2958 qui
665 2877 784 2957 species
815 2877 941 2959 generis
973 2875 1073 2939 incius
1106 2884 1165 2959 est,
1194 2876 1310 2941 indivi-

163 2985 255 3048 duum
285 2982 406 3066 appello
437 2983 526 3047 talem
556 2982 765 3046 substantiam.
822 2983 942 3047 Seetum
971 2989 1018 3046 ast
1044 2983 1124 3045 enim
1153 3000 1252 3065 genus
1279 2985 1308 3047 io

162 3093 314 3176 speciem,
338 3090 459 3173 species
481 3096 582 3154 autem
609 3091 640 3154 in
670 3089 877 3174 individuum,
909 3089 1096 3155 individuum
1127 3099 1228 3156 autem
1257 3094 1348 3160 ubiso

163 3201 288 3263 nomine
310 3196 565 3279 comprehensum
589 3199 655 3281 erit,
679 3198 785 3278 nequit
807 3197 907 3262 secari
924 3197 955 3260 in
973 3197 1053 3262 aliud
1072 3199 1224 3285 quiddam,
1243 3201 1308 3264 sie-

162 3315 196 3372 ut
217 3306 400 3370 secabamus
430 3322 556 3388 eorum,
588 3322 668 3386 quae
700 3311 791 3369 antea
822 3303 903 3369 dicta
941 3311 1027 3390 sunt,
1062 3307 1308 3390 unumquodque.

163 3412 248 3476 llano
276 3410 460 3474 Aristoteles
496 3413 633 3493 primitus
672 3418 701 3474 el
732 3413 921 3492 polissimum
954 3418 985 3474 et
1018 3413 1149 3474 maxime
1184 3414 1311 3495 proprie

164 3518 365 3584 substantiam
396 3517 545 3600 appellat,
581 3536 661 3600 quae
689 3536 792 3600 neque
825 3520 863 3581 de
888 3517 1025 3582 submoto
1057 3517 1159 3601 aliquo
1191 3520 1311 3604 dicitur,

163 3644 265 3710 neque
286 3628 320 3690 in
345 3625 482 3689 mdieetc
506 3632 562 3690 est.
595 3627 655 3696 ¹lle
676 3627 813 3689 mdiectc
836 3631 936 3690 autem
968 3625 1041 3691 dicit
1071 3627 1167 3692 veluti
1196 3642 1349 3711 genuque

164 3734 248 3814 quod
279 3732 419 3798 dicebam
448 3733 575 3816 animal,
606 3734 686 3815 quod
717 3732 757 3796 de
790 3732 930 3796 omnibus
957 3733 1131 3815 singulatim
1164 3735 1311 3798 subiectis

165 3840 361 3924 animalibus,
392 3839 487 3903 veluti
510 3840 608 3924 bove,
637 3856 718 3922 equo
743 3846 774 3903 et
796 3857 876 3920 quae
899 3847 969 3902 sunt
995 3839 1130 3922 reliqua,
1160 3845 1311 3905 commoni

164 3948 289 4011 nomine
313 3946 432 4011 dicitur.
484 3945 600 4009 Verum
625 3952 672 4010 est
694 3947 775 4008 enim
799 3945 904 4009 dicere
927 3945 1082 4009 hominem
1106 3947 1217 4011 animal
1241 3967 1312 4012 esse

163 4135 340 4211 ὕποκειμὲνον
357 4137 428 4199 τινὸς
443 4137 559 4209 λέγεται,
579 4134 636 4209 μήτ’
660 4134 690 4189 ἐν
714 4134 879 4210 ὑποκειμῦφ
904 4139 954 4190 ervi
978 4137 1058 4200 ἐστιν,
1084 4139 1144 4189 olor
1166 4134 1180 4188 d
1204 4137 1242 4197 cir
1266 4135 1313 4189 ἄν·

165 4234 277 4302 θρωπος
294 4230 310 4297 ἢ
328 4230 342 4283 ὅ
360 4229 398 4292 τὶς
415 4231 509 4294 ἵππος,
537 4229 690 4302 eodemque
719 4229 792 4284 redit
814 4229 885 4284 inira
912 4247 938 4300 p.
957 4229 1020 4294 ³52,
1042 4229 1084 4283 15.
1106 4229 1148 4282 16.
1266 4229 1310 4282 90.

163 4319 284 4398 πρώτως]
303 4321 409 4394 πρώτην
426 4319 448 4376 C
465 4319 496 4376 M
610 4321 654 4377 91.
673 4323 832 4394 κυριώτατα]
853 4322 1013 4396 κυριωτάτην
1037 4317 1106 4374 CM
1219 4317 1314 4372 Lacu-

166 4430 229 4467 nam
247 4415 275 4468 in
293 4411 315 4468 C
336 4414 459 4486 explerit
476 4410 506 4468 lt
620 4413 664 4468 93.
693 4413 723 4468 di
740 4431 785 4468 om
804 4411 826 4469 C
843 4412 874 4470 Μ
994 4413 1086 4481 otorei]
1111 4413 1171 4464 otoo
1194 4413 1218 4464 rt
1243 4409 1265 4465 C
1284 4409 1314 4465 M

164 4505 233 4572 quo
251 4501 410 4576 lloeperur:
429 4507 479 4576 tq»,
497 4499 557 4558 CM
641 4505 685 4558 95.
705 4502 835 4560 κοινῶνῦ
915 4497 1072 4576 opiparor]
1090 4498 1314 4574 properarent
