3050 4988
667 335 814 394 MARCUS.
1254 331 1318 396 307

176 508 245 565 rent
267 499 530 566 insubstantialem
562 510 592 566 et
621 519 684 566 non
713 511 894 585 generatum
925 519 1073 586 aeonem,
1102 508 1133 565 et
1163 519 1234 566 esse
1264 501 1323 564 bos

175 608 311 692 figuras,
333 627 409 691 quas
432 607 573 674 dominus
605 610 736 695 angelos
770 608 861 696 dixit,
896 627 976 692 quae
1009 617 1160 692 perpetuo
1196 617 1323 674 cernant

177 716 287 780 faciem
310 715 417 780 Patris.

264 821 316 889 te.
370 823 500 889 Nomina
535 828 636 886 autem
668 822 891 890 elementorum
926 823 1098 888 communia
1130 829 1162 887 et
1193 821 1347 888 ellabiliat

177 927 306 994 Aeones
330 936 361 992 et
385 929 491 1015 Logcs
514 939 545 995 ct
567 930 698 996 Radices
722 940 754 996 et
775 934 897 998 Semina
917 940 948 996 et
962 932 1131 996 Pleromate
1151 931 1323 996 etllructus

177 1036 351 1122 appellavit,
373 1039 493 1122 singula
517 1045 617 1104 autem
639 1057 746 1105 eorum
762 1047 792 1102 et
808 1041 1047 1121 uniuscuiusque
1062 1041 1185 1122 propria
1208 1041 1239 1102 in
1264 1057 1324 1105 no-

178 1143 260 1207 minc
281 1143 439 1210 Ecclesiae
463 1165 525 1210 una
547 1145 770 1228 comprehensa
798 1144 937 1230 intelligi.
990 1146 1125 1220 Quorum
1150 1147 1324 1210 elemento-

176 1268 243 1314 rum
254 1250 350 1315 ultimi
366 1251 520 1333 posterior
536 1252 635 1318 littera
652 1271 761 1318 vocem
777 1251 870 1316 edidit
887 1270 983 1336 suam,
998 1254 1085 1317 cuius
1100 1271 1196 1317 sonus
1210 1265 1347 1337 egres-u

177 1374 229 1422 sus
252 1357 289 1420 ad
309 1359 407 1422 instar
427 1359 650 1425 elementorum
672 1362 825 1426 elementa
846 1360 968 1441 propria
991 1361 1165 1443 generavit,
1189 1378 1230 1424 ex
1252 1362 1323 1443 qui-

176 1463 233 1528 bus
257 1471 288 1528 et
311 1483 349 1530 ea
372 1484 453 1548 quae
475 1466 525 1531 hic
553 1474 624 1532 sunt
655 1474 804 1532 exornata
828 1483 899 1530 esse
923 1468 979 1548 ait,
1014 1475 1045 1530 et
1066 1473 1215 1551 generata
1244 1486 1324 1549 quae

177 1578 266 1634 erant
288 1578 360 1634 ante
383 1570 469 1637 baec.
523 1572 623 1656 Ipsam
658 1573 782 1656 quidem
811 1573 943 1638 litteram
951 1621 961 1656 ,
993 1574 1079 1637 cuius
1110 1592 1206 1638 sonus
1235 1573 1324 1638 simul

176 1678 368 1760 sequebatur
398 1697 507 1744 sonum
538 1680 698 1764 deorsum,
740 1700 757 1745 a
794 1680 910 1764 syllaba
939 1681 1034 1763 ipsius
1063 1689 1220 1764 receptam
1252 1699 1323 1746 esse

176 1804 296 1852 sursum
320 1787 392 1850 dicit
415 1785 453 1851 ad
483 1789 740 1870 complementum
773 1789 927 1874 universi,
957 1789 1109 1854 mansisse
1140 1796 1242 1853 autern
1264 1789 1360 1853 so-10

178 1913 249 1958 num
271 1894 394 1960 interne
417 1893 580 1960 demissum
605 1903 749 1978 tanquam
780 1895 865 1960 lorus
895 1896 1075 1979 proiectum.
1131 1895 1322 1962 Elementum

178 2009 279 2066 autem
302 2002 418 2087 ipsum,
448 2021 465 2066 a
498 2020 558 2084 quo
587 2001 689 2066 littera
724 2021 792 2066 cum
822 2005 1080 2085 pronunciatione
1110 2021 1166 2068 sua
1198 2003 1323 2069 devenit

177 2107 339 2194 deorsum,
368 2109 536 2174 litterarum
570 2109 612 2174 ait
640 2127 712 2174 esse
753 2111 894 2196 triginta,
927 2118 958 2174 et
988 2129 1233 2196 unamquamque
1262 2115 1320 2178 tri·

177 2217 260 2300 ginta
284 2215 401 2280 illarum
424 2216 592 2282 litterarum
615 2217 647 2280 ln
669 2235 741 2281 sese
763 2218 881 2282 babere
905 2217 980 2284 alias
1002 2218 1138 2303 litteras,
1164 2238 1222 2302 per
1244 2238 1320 2302 quas

1179 2353 1321 2364 -n-——nn

175 2413 277 2477 Sonos
300 2383 401 2475 autem
425 2428 481 2475 ecs
509 2427 594 2490 esse,
623 2409 675 2490 qui
704 2409 838 2475 lormant
866 2411 1119 2476 insubstantivum
1143 2420 1174 2477 et
1196 2415 1320 2499 ingeni-

174 2524 236 2582 tum
260 2535 378 2601 aeona,
401 2525 432 2581 et
453 2533 524 2582 esse
546 2514 605 2580 bos
628 2515 757 2602 formas,
789 2535 866 2599 quas
899 2515 1040 2583 dominus
1074 2518 1204 2603 angelos
1232 2518 1318 2602 dixit,

174 2641 254 2705 quae
276 2626 344 2687 sine
364 2623 593 2687 intermissione
614 2622 720 2686 vident
743 2623 852 2687 laclem
874 2624 982 2688 Patris.

259 2729 289 2796 2.
334 2730 465 2796 Nomina
489 2738 588 2795 autem
618 2729 841 2795 elementorum
869 2732 1040 2796 communia
1071 2738 1103 2795 et
1133 2730 1318 2796 enarrabilia

173 2837 301 2903 llecnas
332 2845 364 2901 et
391 2836 495 2901 Verba
528 2845 558 2901 et
589 2837 720 2902 Radices
755 2845 786 2901 et
822 2838 944 2903 Semina
983 2844 1015 2902 et
1049 2837 1255 2904 Plenitudines
1288 2847 1319 2903 et

171 2947 300 3011 Fructus
319 2946 450 3010 vocavit.
496 2944 622 3028 Singula
645 2952 746 3009 autem
770 2945 905 3027 ipsorum
930 2952 960 3009 et
981 2945 1223 3027 uniuscuiusque
1239 2962 1317 3028 pro-

171 3051 238 3132 pria
265 3051 453 3113 innomine
482 3050 643 3116 Ecclesiae
673 3052 823 3116 contineri
859 3057 889 3114 et
916 3051 1043 3134 intelligi
1071 3053 1121 3116 ait.
1179 3053 1316 3126 Quorum

171 3157 391 3222 elementorum
426 3157 584 3221 nouissimi
614 3157 758 3222 elementi
790 3159 893 3222 ultima
933 3157 1034 3223 littera
1074 3176 1183 3223 vocem
1220 3162 1319 3224 emisit

171 3280 275 3347 suam,
309 3262 395 3326 cuius
425 3281 522 3328 sonus
553 3266 661 3328 exiens
693 3265 862 3329 secundum
895 3266 1059 3349 imaginem
1094 3265 1317 3330 elementorum

171 3369 323 3433 elementa
345 3371 470 3453 propria
494 3374 670 3455 generavit,
708 3391 748 3436 ex
780 3371 891 3453 quibus
924 3378 955 3435 et
984 3388 1065 3454 quae
1088 3379 1159 3434 sunt
1178 3369 1228 3436 bic
1249 3373 1316 3435 dis-

169 3478 268 3555 posita
298 3477 385 3560 dicit,
417 3485 448 3540 et
470 3496 528 3561 ea,
561 3497 642 3561 quae
672 3485 744 3541 sunt
772 3483 844 3540 ante
876 3475 973 3562 baec,
1004 3484 1163 3561 generata.
1215 3477 1315 3560 lpsam

169 3583 292 3666 quidem
316 3583 462 3670 litteram,
487 3587 573 3649 cuius
596 3602 692 3650 sonus
715 3591 781 3648 erat
805 3600 1002 3664 consequens
1024 3601 1133 3648 sonum
1157 3585 1314 3668 deorsum,

168 3710 186 3753 a
208 3689 326 3774 syllaba
350 3709 406 3756 sua
429 3710 550 3756 sursum
580 3699 736 3776 receptam
765 3691 838 3754 dicit
867 3690 906 3753 ad
935 3691 1142 3773 impletionem
1168 3694 1314 3776 universi,

166 3797 354 3861 remansisse
377 3804 478 3862 autem
502 3798 647 3864 deorsum
671 3817 780 3864 sonum
805 3798 893 3879 quasi
915 3795 999 3861 loras
1013 3800 1192 3880 proiectum.
1237 3801 1314 3864 Ele-

167 3907 302 3965 mentum
332 3912 434 3967 autern
464 3906 580 3991 ipsum,
615 3925 656 3969 ex
682 3924 744 3988 quo
772 3905 873 3968 littera
908 3922 977 3968 cum
1009 3905 1227 3970 enunciatione
1259 3923 1314 3970 sua

168 4006 330 4071 descendit
352 4008 513 4093 deorsum,
534 4012 704 4077 litterarum
728 4011 770 4076 alt
792 4028 863 4076 esse
889 4011 984 4094 XXX,
1015 4018 1047 4074 et
1068 4029 1314 4094 unamquamque

166 4133 206 4178 cx
236 4114 283 4178 bis
313 4115 400 4181 XXX
436 4119 543 4182 litteris
572 4119 604 4182 in
634 4119 799 4201 semetipsa
833 4117 951 4182 babere
979 4117 1053 4181 alias
1083 4119 1216 4200 litteras,
1254 4135 1312 4198 per

164 4321 362 4399 ypriprproeomC
418 4327 463 4381 55.
476 4327 532 4382 κατ’
546 4327 733 4398 εἰκόνα]ἱκαν6
746 4326 781 4382 G:
800 4328 906 4389 εἰκόνας
922 4323 953 4383 Μ
1007 4320 1315 4397 57.διακεκομεῖσθαιῦ

165 4420 209 4472 59.
229 4418 308 4490 κάτω]
327 4419 374 4474 acri
391 4416 466 4492 rpiC
583 4421 626 4474 60.
650 4421 696 4474 τοῦ
714 4418 788 4490 ὅλου]
807 4420 897 4474 τούτου
917 4415 1021 4474 b'ieuG
1137 4415 1181 4470 62.
1208 4415 1257 4470 σὺν
1274 4415 1313 4494 τῇ]

165 4512 272 4578 συνέστη
291 4508 313 4565 G
428 4512 472 4567 63.
495 4510 655 4582 sponsum]
672 4513 811 4584 τριάκοντα
828 4511 1007 4586 γραμμάιων,
1026 4505 1048 4562 C

913 4607 983 4675 20*
