3056 4970
594 295 838 354 vntttttrtnrnnt.
1223 297 1287 364 27³

144 461 179 520 ut
209 453 330 542 dicunt,
371 466 402 524 et
432 462 635 541 requiescens
664 461 798 543 ipaein
820 461 1007 541 semetipso
1032 463 1128 527 solus.
1174 467 1285 541 Quon-

142 563 204 626 iam
235 571 337 628 autern
365 571 433 632 erat
463 568 621 652 genitalis,
644 568 754 650 placuit
791 569 821 632 ei
845 567 1010 648 aliquando
1043 570 1323 649 pulcherrimum³⁰

145 674 179 733 ct
206 669 476 753 perfectissimum,
510 673 593 755 quod
621 673 753 738 habebat
781 675 813 738 in
839 675 923 757 ipso,
940 719 943 729 .
961 691 1116 757 generare
1147 686 1180 743 et
1208 698 1285 761 pro-

145 775 281 856 ducare;
309 796 418 844 amana
437 780 518 844 enirn
540 778 714 844 rolitudinis
736 797 800 843 non
823 785 899 844 erat.
943 775 1039 843 Amor
1062 781 1155 867 enim,
1177 785 1285 870 inquit,

145 889 214 946 erat
240 889 340 968 totus,
362 903 450 951 arnor
470 892 572 952 autem
596 903 660 951 non
682 893 728 950 est
749 902 854 969 amor,
889 885 948 948 nisi
978 885 1017 948 sit
1046 887 1129 968 quod
1155 897 1286 956 ametur.

142 986 279 1076 Proiecit
296 990 389 1074 igitur
411 998 443 1056 at
463 993 628 1075 generarit
647 993 715 1074 ipae
737 993 842 1072 Pater,
870 992 914 1057 uti
935 991 1125 1076 eruiscius,
1151 995 1284 1060 Mentem

144 1098 176 1156 et
194 1093 374 1177 Veritatem,
396 1096 458 1162 lroc
479 1104 527 1164 eat
550 1095 695 1182 dyadem,
717 1099 798 1182 duae
820 1097 945 1181 quidem
965 1096 1090 1162 domina
1113 1106 1145 1162 et
1165 1101 1322 1183 princi-aa

142 1199 226 1284 pium
254 1203 353 1268 extitit
379 1211 411 1268 et
437 1209 536 1270 mater
563 1203 698 1270 omnium
724 1205 776 1288 qui
805 1203 887 1270 intus
915 1206 946 1269 in
976 1203 1149 1269 Pleromate
1182 1204 1220 1268 ab
1247 1206 1284 1269 iia

143 1313 359 1390 computantur
383 1327 528 1375 aeonum.
582 1310 722 1380 l’roiecta
744 1315 847 1376 autam
877 1309 964 1374 liena
985 1314 1016 1374 et
1037 1310 1158 1374 Veritas
1181 1329 1198 1376 a
1221 1311 1283 1374 Pa-

143 1417 210 1495 tre,
233 1431 251 1477 a
272 1415 400 1496 genitali
422 1415 583 1502 genitalis,
610 1416 743 1500 proiecit
765 1423 797 1482 et
816 1419 883 1499 ipsa
904 1417 1023 1499 logum
1049 1423 1080 1481 et
1101 1417 1198 1504 Vitam
1221 1417 1283 1482 Pa·

142 1524 221 1582 trem
242 1520 366 1588 imitata.
410 1522 515 1607 Lepus
533 1531 636 1589 autem
656 1528 688 1590 et
709 1524 776 1588 vita
797 1523 962 1606 proliciunt
984 1522 1146 1586 Hominem
1166 1528 1198 1588 et
1219 1521 1283 1585 lic-

146 1623 279 1689 cleaiam.
333 1627 420 1692 liena
448 1632 551 1694 autam
579 1635 612 1694 et
638 1631 757 1696 veritae
784 1647 855 1694 cum
886 1627 1028 1694 viderent
1052 1646 1138 1696 suam
1164 1629 1322 1712 prolcmto

145 1731 308 1814 genitalem
330 1734 466 1817 genitam
487 1749 577 1821 erse,
599 1740 705 1819 pratea
728 1741 861 1822 eperunt
883 1735 967 1824 Patri
988 1734 1123 1800 omnium
1146 1739 1178 1798 et
1200 1733 1283 1801 oile-

141 1842 213 1902 ruut
231 1839 262 1904 ci
282 1839 455 1922 perlectum
488 1855 669 1924 nnmerum,
702 1859 821 1908 aeones
844 1841 963 1907 decem.
1006 1841 1073 1906 lloc
1102 1843 1197 1928 enim,
1229 1841 1282 1906 in-

143 1943 223 2030 quit,
256 1963 386 2012 numero
413 1945 632 2029 perlectionem
661 1948 748 2014 llam
776 1955 809 2014 et
829 1948 950 2012 Veritas
973 1949 1054 2012 Patri
1082 1945 1198 2013 offerre
1218 1965 1283 2012 noo

142 2055 319 2131 potuerunt.
367 2051 537 2136 Oportebat
559 2054 642 2120 anim
662 2056 800 2133 Patrem,
831 2055 884 2136 qui
904 2055 1061 2138 perlectus
1084 2058 1186 2138 esset,
1220 2071 1282 2118 nu-

141 2175 230 2224 mero
247 2157 400 2226 celebrari
417 2161 567 2244 perlecto,
589 2162 744 2244 perlectae
768 2167 871 2226 autem
884 2167 932 2226 cat
947 2159 1100 2244 denarius,
1125 2162 1196 2243 quia
1212 2161 1320 2242 pri-to

141 2281 208 2330 mue
229 2281 337 2332 eorum
359 2267 413 2351 qui
433 2266 590 2350 pluraliter
612 2267 751 2334 condunt
774 2268 822 2332 iric
844 2272 893 2334 est
914 2267 1082 2350 perlectus.
1108 2265 1282 2330 Perlectior

142 2379 245 2435 autern
267 2372 367 2451 Pater,
390 2375 462 2457 quin
483 2376 684 2456 ingeneratur
707 2393 776 2440 oum
798 2375 838 2440 sit
859 2373 954 2454 aolus,
974 2391 1030 2455 par
1044 2373 1172 2455 primam
1191 2389 1283 2437 unam

142 2475 392 2562 conlocationem
422 2479 533 2544 llentie
559 2485 593 2546 et
613 2482 755 2548 Veritatis
785 2496 894 2546 omnca
916 2483 1025 2546 eorum
1047 2497 1128 2562 quae
1149 2481 1284 2544 existunt

141 2583 296 2667 prolicere
317 2585 411 2651 valuit
425 2585 565 2652 redicas.

226 2689 280 2768 30.
323 2690 398 2760 Gom
426 2690 547 2756 viderat
567 2690 662 2775 igitur
683 2696 715 2755 et
735 2693 803 2774 ipae
824 2690 928 2771 Loguo
951 2693 984 2754 et
1004 2688 1072 2754 vita
1093 2689 1226 2752 llentem
1250 2695 1320 2754 etto

141 2797 307 2862 Veritatem
330 2798 538 2864 celebravisse
559 2797 680 2862 Patrem
703 2798 838 2864 omniurn
860 2811 991 2860 numero
1013 2795 1171 2880 perlecto,
1194 2795 1281 2858 cale-

141 2901 233 2968 brare
265 2909 297 2968 et
323 2904 391 2986 ipre
413 2905 517 2989 lopus
540 2923 609 2971 cum
638 2904 706 2968 vita
734 2901 830 2970 voluit
851 2917 939 2966 suum
962 2906 1081 2982 patrem
1103 2908 1133 2964 ct
1155 2906 1280 2965 matrem

138 3008 271 3074 llentem
300 3018 331 3074 at
353 3012 528 3077 Veritatem.
581 3011 732 3085 Quoniam
756 3017 857 3074 autem
880 3015 1030 3091 generata
1052 3012 1119 3070 erat
1141 3006 1229 3070 llans
1253 3013 1284 3069 et

139 3116 271 3196 Veritas,
285 3133 389 3200 neque
406 3115 539 3183 habebat
551 3123 713 3200 paternum
727 3115 909 3199 perlectum,
922 3112 996 3178 illud
1014 3119 1281 3196 non-generatum

140 3239 221 3305 eaeo,
251 3240 314 3288 nou
342 3223 402 3288 iam
425 3223 568 3308 perlecto
591 3240 721 3289 numero
743 3224 847 3306 Logue
869 3229 901 3286 et
922 3222 989 3285 Vita
1012 3221 1173 3284 celebrant
1193 3233 1320 3285 auumoa

137 3336 253 3412 patrem
264 3330 409 3408 ldcutem,
424 3347 531 3394 verum
542 3329 723 3410 imperfecto
733 3349 742 3409 ;
754 3329 916 3395 duodecim
931 3343 1047 3392 aeones
1056 3327 1137 3390 enim
1149 3326 1283 3390 oderunt

138 3436 242 3520 longua
265 3443 298 3502 et
317 3438 385 3502 Vita
407 3437 502 3502 llenti
523 3443 556 3503 et
575 3437 713 3501 Veritati.
771 3435 838 3500 liae
872 3434 952 3498 anim
974 3435 1089 3516 primae
1112 3433 1283 3496 secundum

137 3542 331 3607 Valentinum
353 3560 487 3609 aeonum
508 3545 630 3609 radices
652 3543 838 3606 extiterunt:
862 3540 949 3603 Mens
973 3547 1004 3602 et
1021 3539 1159 3617 Veritas,
1181 3539 1283 3623 lngus

138 3658 171 3715 et
190 3651 274 3734 Vita,
311 3649 409 3714 llomo
439 3656 472 3714 ot
492 3649 651 3727 Ecclesia,
680 3649 788 3714 decem
812 3653 912 3710 autom
936 3646 1045 3708 lientia
1070 3652 1102 3709 et
1129 3644 1282 3717 Veritatis,

138 3755 304 3822 duodecim
327 3765 429 3822 eutero
451 3757 529 3841 logi
554 3763 586 3820 et
606 3755 706 3833 Vitae,
730 3751 840 3836 viginti
863 3757 987 3816 atocio
1011 3751 1124 3814 cuncti.
1165 3749 1321 3825 Quibusto

136 3869 292 3945 ponuntur
313 3863 436 3927 nomina
459 3861 578 3926 haece:
612 3859 738 3944 Bythios
761 3868 793 3926 ot
815 3858 920 3942 llinis,
941 3857 1098 3940 Ageratus
1121 3862 1152 3920 et
1173 3855 1284 3921 lieno-

134 4033 253 4106 rpcauG
325 4035 414 4108 odric]
433 4032 550 4104 «ὕήνο
641 4033 748 4092 5158.
766 4025 1084 4104 κατααριθμινμὶνωνῦ
1175 4029 1219 4083 62.
1238 4029 1284 4082 63.

138 4127 252 4186 Uueinia
271 4135 365 4201 caepta
385 4125 577 4200 interpretatio
596 4143 636 4181 rr.
655 4125 684 4180 ιὰ
701 4127 758 4180 ldae
776 4142 839 4180 eoae
857 4123 984 4182 videntur
1066 4121 1112 4176 tr.
1131 4117 1236 4193 γενητὸς
1263 4115 1286 4173 C

136 4223 181 4278 78.
192 4222 237 4276 τὸν
247 4216 409 4294 ncrpaade
462 4221 508 4275 ta.
521 4213 716 4274 aelatacruivss
769 4218 816 4273 80.
832 4209 1125 4292 mantpirmtnctt
1179 4210 1286 4264 clolano

141 4309 206 4370 GM
278 4313 463 4385 προφέρουσιν
480 4307 546 4366 CM
617 4309 664 4366 8³.
682 4305 757 4385 diac]
776 4309 880 4362 δώδεκα
895 4304 958 4361 CM
1029 4305 1074 4361 86.
1085 4297 1191 4378 βύθιος]
1202 4300 1287 4372 βυθὸς

38 4407 59 4442 ⁰
143 4403 218 4462 CM.
256 4402 299 4460 Gi.
319 4402 392 4460 lran.
411 4399 635 4468 e.luer.1,1,2.
674 4397 815 4478 ἀγήρατοι]
829 4399 957 4473 ἀκήρατος
976 4394 1045 4450 CM.
1084 4391 1286 4450 Ci.1reu.l.l.

961 4495 1000 4560 18
