3006 4976
421 297 734 360 nsunot'mtosofflt.
778 299 1045 363 mbonnnntttt.
1068 349 1073 364 .
1243 293 1303 360 125

248 461 300 526 50.
345 461 398 526 llis
420 465 469 526 usi
491 464 687 528 sermonibus
710 466 874 546 opinantur
896 464 1006 526 multos
1030 461 1187 544 decipere,
1209 469 1304 544 quot-

164 575 241 650 quot
263 569 427 650 operosius
450 569 617 654 astrologis
641 587 745 634 aurern
767 571 925 652 praebent,
948 568 1020 632 bine
1041 567 1131 632 tidem
1154 569 1203 632 dei
1225 587 1306 633 eon-

164 669 286 740 lirnrnr's
309 676 423 759 annisi,
446 694 528 758 quae
550 675 674 759 quidem
696 676 790 758 longe
813 675 929 738 abludit
952 676 989 738 nb
1012 674 1122 740 borum
1147 677 1305 757 opinatio·

166 782 266 848 nibus.
311 782 525 866 Quapropter,
560 783 684 867 dileeti,
717 783 871 867 fugiamus
893 781 973 844 illam
995 800 1145 846 vanorum
1165 783 1306 848 miratio-

166 905 237 952 nem
260 890 326 953 avis
348 889 498 969 bubonis3
531 881 611 954 bne'o
634 891 713 954 enirn
737 897 768 953 et
790 887 1002 954 huiuscemodi
1025 888 1083 952 alin
1099 889 1220 954 seltatin
1235 898 1306 954 sunt
1331 899 1345 952 1

167 1001 200 1058 et
228 1013 291 1058 non
324 998 448 1060 veritas.
500 995 621 1060 Etenim
656 995 739 1060 nullo
766 1002 856 1077 paeto
886 994 993 1060 stellae
1024 994 1101 1058 laen
1131 995 1306 1081 ostendunt,

167 1101 225 1166 sed
247 1101 287 1164 de
309 1119 367 1166 suo
389 1100 532 1168 homines
554 1101 594 1166 ad
616 1098 839 1168 seeurntiorem
863 1100 1052 1183 quarundam
1075 1101 1229 1166 stellarum
1247 1121 1307 1184 ap·-
1337 1099 1340 1104 '

167 1207 362 1290 pollutionem
391 1209 515 1272 nemina
546 1211 576 1271 in
600 1207 682 1272 bune
704 1207 828 1273 modum
849 1215 1099 1292 composuerunt,
1124 1217 1190 1289 tque
1214 1215 1308 1272 notn-

167 1312 245 1378 biles
275 1314 334 1378 sibi
362 1315 482 1378 fierent.
538 1314 618 1390 Ouid
648 1316 728 1378 enim
751 1333 843 1378 ursue
866 1322 919 1378 sut
941 1314 1041 1378 leonia
1063 1321 1114 1378 aut
1137 1313 1306 1378 hoedorum
1331 1325 1346 1375 s

169 1427 221 1484 ent
242 1422 359 1503 aquarii
382 1427 434 1485 aut
456 1420 573 1502 Cephei
596 1429 649 1486 eut
670 1421 892 1486 Andromedae
916 1430 967 1486 eut
989 1429 1199 1506 apostrorunr,
1227 1441 1308 1503 quse

169 1527 366 1596 celebrentur
393 1529 425 1590 in
452 1526 552 1611 Oreo,
581 1528 679 1592 simile
706 1528 821 1592 babent
841 1528 949 1592 stellae
972 1527 1130 1610 dispersae
1154 1546 1210 1610 per
1232 1547 1310 1593 eae-

171 1631 249 1717 lum,
283 1651 353 1700 eum
384 1634 478 1698 multo
508 1640 580 1716 post
610 1636 672 1698 neti
700 1637 761 1698 sint
792 1635 823 1697 bl
845 1635 985 1699 homines
1009 1638 1195 1717 nomineque
1218 1643 1308 1718 post-

172 1727 263 1822 quam
286 1740 443 1805 bominum
468 1742 569 1804 extitit
591 1750 692 1806 ortus:
722 1749 756 1805 nt
778 1743 868 1806 etiam
891 1741 1040 1806 haeretiei
1062 1743 1194 1824 perculsi
1215 1761 1310 1824 speo-

169 1846 271 1911 tsenlo
294 1849 335 1912 ita
359 1847 481 1912 demum
503 1851 678 1914 annituntur
694 1867 750 1932 per
767 1849 845 1914 tales
859 1865 1020 1914 sermones
1037 1849 1219 1913 oonlirmure
1237 1860 1349 1914 sussto

171 1951 307 2034 ipsorum
331 1950 514 2016 doetrinae?

256 2054 309 2122 51.
352 2057 413 2122 Sed
437 2056 583 2139 quonism
606 2074 706 2138 paene
729 2049 820 2120 nnlls'
834 2073 897 2120 non
919 2055 1060 2122 haeresis
1083 2075 1139 2140 per
1162 2057 1310 2122 arithme-

172 2163 262 2226 ticam
294 2170 388 2232 artem
417 2164 536 2228 invenlt
560 2161 784 2228 bebdomndnm
813 2183 974 2230 mensuras
1003 2173 1035 2229 et
1056 2183 1188 2229 aeonum
1211 2183 1309 2246 quas

174 2267 242 2332 dnm
264 2271 462 2354 propagines,
486 2288 554 2333 enm
577 2269 627 2333 ulii
650 2271 736 2334 aliter
758 2277 853 2335 artem
877 2271 1084 2335 distraherent
1106 2279 1138 2334 et
1159 2271 1234 2336 anlia
1248 2289 1311 2335 no-

173 2376 302 2440 minibus
323 2376 488 2459 variarent,
509 2374 620 2442 borum
644 2383 745 2440 nutem
769 2379 974 2462 magisteriis
996 2378 1094 2441 extitit
1112 2377 1311 2462 Pythagoras,
1321 2386 1350 2437 tn

174 2485 226 2564 qui
247 2484 362 2564 primus
379 2495 425 2546 'sx
446 2483 592 2567 Aegypto
614 2481 789 2549 huiusmodi
812 2502 957 2548 numeros
980 2483 1117 2550 tradidit:
1147 2485 1250 2566 placet
1270 2502 1312 2546 ne
1425 2565 1432 2572 ι

173 2587 233 2652 boo
254 2589 377 2670 quiden
397 2589 659 2674 praetermittere,
689 2589 761 2674 sed,
796 2590 847 2654 nbi
870 2591 975 2672 paneis
999 2588 1240 2673 ostenderimus,
1273 2589 1312 2652 nd

174 2713 212 2761 es
233 2713 313 2777 quse
335 2695 495 2760 eonsilium
519 2702 568 2760 est
583 2683 821 2761 demonstrando
836 2695 995 2780 progredi.
1018 2695 1202 2760 Extiterunt
1215 2694 1314 2759 arith·

174 2803 276 2866 mellei
307 2810 338 2867 et
368 2810 568 2887 geometrae,
597 2804 710 2886 quibua
741 2810 866 2886 prueter
894 2810 1037 2866 caeteros
1061 2802 1196 2866 lumenta
1218 2819 1314 2882 prse-

173 2907 277 2972 buisse
298 2909 420 2972 videtur
442 2910 557 2990 primus
579 2909 780 2994 Pythagoras,
802 2911 886 2992 iique
908 2928 926 2972 a
948 2911 1094 2992 numeris,
1116 2909 1168 2989 qui
1190 2908 1220 2970 in
1242 2908 1353 2971 inti-nn

174 3017 267 3080 nilum
291 3015 523 3098 multipliosndo
541 3019 691 3100 progredi
707 3025 847 3101 possunt,
871 3017 961 3080 etiam
988 3015 1094 3099 figuris
1115 3016 1210 3096 prima
1226 3014 1315 3095 prin-

176 3123 254 3204 cipia
279 3129 476 3204 sumpserunt
497 3129 642 3204 tanquam
664 3124 732 3188 sola
750 3129 853 3187 mente
868 3121 1085 3204 percipienda.¹
1121 3122 1315 3184 Geometrine

176 3229 270 3311 enim,
299 3235 333 3290 ut
360 3228 433 3291 lieet
454 3227 578 3312 ridere,
613 3238 758 3312 punctum
781 3230 944 3294 indivisum
969 3237 1017 3294 est
1039 3229 1241 3310 prineipinm;
1277 3226 1315 3290 ab
1407 3269 1412 3276 ·

175 3333 227 3418 illo
257 3341 357 3404 autern
389 3340 502 3416 puneto
534 3352 591 3416 per
622 3341 718 3400 artem
748 3335 932 3400 infinitorum
962 3335 1128 3418 figurarum
1160 3339 1315 3414 apunoto

176 3442 320 3524 geniture
348 3441 507 3522 repetitur.
561 3441 618 3504 Ubi
648 3443 729 3506 enim
752 3445 905 3524 prooessit
926 3449 1069 3523 punctum
1093 3443 1123 3504 in
1145 3439 1354 3522 longitudi-nn

176 3565 263 3632 nem,
287 3546 391 3612 existit
412 3548 493 3612 lines
517 3557 588 3631 post
610 3566 806 3633 processum,
829 3567 910 3632 pune
933 3549 1095 3612 terminum
1118 3547 1212 3610 bnbet
1233 3564 1317 3628 pun-

177 3661 275 3732 etum;
308 3653 390 3718 lines
414 3661 515 3718 sutem
539 3673 607 3720 eum
631 3656 661 3720 in
685 3655 877 3720 latitudinem
900 3656 1063 3738 processit,
1085 3653 1241 3736 planitiem
1264 3654 1316 3736 gi-

176 3759 258 3846 gnit,
281 3760 402 3825 termini
425 3765 526 3825 nutem
557 3760 693 3842 planitiei
714 3767 785 3826 sunt
805 3760 924 3840 linoae,
959 3761 1101 3844 planities
1124 3767 1225 3824 nutem
1249 3775 1317 3822 eum

176 3866 330 3948 prooessit
351 3867 382 3929 in
405 3865 603 3951 altitudinem,
629 3869 733 3932 existit
754 3857 877 3950 eorpus.
914 3867 970 3932 Ubi
988 3875 1089 3932 nutem
1109 3866 1226 3930 lirmum
1242 3883 1317 3930 eor-

175 3989 233 4054 pus
256 3973 388 4056 oxstitit,
414 3972 446 4034 in
469 3971 551 4038 hune
574 3974 697 4040 modum
721 3992 762 4038 ox
783 3975 907 4038 minimo
928 3982 1043 4057 puneto
1066 3992 1192 4057 prorsus
1215 3973 1356 4056 magrino

175 4079 318 4161 eorporis
327 4077 454 4142 lundata
463 4088 638 4165 estnntnra,
661 4081 755 4162 idque
772 4087 820 4144 est
835 4081 919 4162 quod
934 4083 1038 4148 Simon
1055 4082 1087 4145 in
1100 4081 1182 4146 hune
1193 4080 1314 4146 modum

175 4244 211 4302 nl.
231 4243 306 4300 Sext.
326 4243 406 4318 Emp.
426 4263 453 4318 p.
473 4249 536 4304 314.
556 4245 587 4303 Μ
694 4250 739 4304 41.
760 4265 818 4321 sqq.
857 4245 899 4304 Gi.
919 4247 990 4303 inira
1009 4247 1027 4302 l.
1047 4245 1094 4314 Vl,
1113 4265 1137 4302 o.
1152 4249 1198 4302 23.
1216 4247 1316 4318 ptus.

176 4338 228 4393 tte
248 4336 292 4392 ed.
313 4335 403 4394 Oxou.
512 4339 557 4394 50.
577 4337 620 4396 Gi.
640 4340 711 4396 inira
730 4340 749 4394 l.
769 4337 816 4403 vt,
835 4357 859 4393 o.
882 4339 923 4394 tt.
943 4356 972 4411 p.
994 4340 1052 4405 167,
1073 4338 1217 4404 11-168,
1238 4339 1271 4392 14
1290 4344 1320 4393 et

177 4443 202 4498 e.
223 4429 266 4484 17.
284 4445 312 4502 p.
334 4429 394 4496 172,
413 4429 448 4484 50
758 4443 763 4452 ’
