3002 4958
269 313 503 374 titutionis
548 315 778 376 tthnttoootss.
823 313 1043 375 HElldcbl'l'US.
1197 307 1236 372 15

100 495 218 563 usurus,
240 485 274 543 ut
298 479 447 546 venderet
461 500 542 566 quae
558 482 690 546 haberet
701 484 923 564 pecuniamque
936 483 1110 564 deponeret
1126 480 1237 564 sigua·-

104 595 156 648 tam
177 587 256 669 spusl
279 587 500 674 Pythagoram,
528 597 560 653 et
581 589 725 655 manebat
746 590 854 670 silens,
888 587 1054 692 aliquando
1084 595 1147 652 tres
1176 603 1237 648 sn-

101 709 169 774 nos,
190 693 343 758 interdum
368 698 521 781 quinque,
546 705 577 761 et
600 697 741 775 discens3
766 713 874 760 rursus
897 703 996 761 autem
1019 695 1138 760 solutus
1160 693 1237 756 mis-

101 799 221 865 cshatur
243 819 312 865 com
334 803 462 885 reliquis
485 808 516 867 et
537 805 719 868 remanebat
747 809 885 867 sectator
912 813 943 868 et
964 804 1052 868 simul
1075 801 1275 880 coenabat,so

100 907 141 970 sin
173 911 289 994 minus,
319 911 491 994 recipiebat
522 929 578 976 sua
612 921 644 976 st
675 911 884 976 reiiciebstur.
938 909 1035 973 Alteri
1063 912 1156 993 igitur
1186 909 1237 990 qui

100 1017 237 1080 esotorici
259 1025 349 1081 erunt
371 1019 563 1083 vocabantur
591 1020 791 1104 Pythagorei,
824 1017 913 1082 alteri
947 1025 1048 1081 autom
1077 1014 1237 1098 Pythago-

101 1125 196 1188 ristse.
239 1125 286 1188 Ex
310 1125 467 1207 discipulis
490 1132 591 1190 autem
615 1128 681 1190 eius
704 1126 756 1208 qui
779 1131 944 1188 euaserunt
963 1123 1236 1206 conflagrationem

101 1227 179 1311 Lysis
208 1239 274 1296 erat
307 1239 339 1295 ot
361 1233 534 1315 Archippus
562 1241 594 1298 et
621 1233 815 1317 Pythagorae
847 1249 957 1297 servus
984 1231 1154 1313 Zamohris,
1185 1228 1236 1310 qui

102 1339 184 1400 etiarn
207 1339 286 1420 spud
310 1339 414 1404 Celtas
436 1341 569 1405 Druidas
593 1341 739 1405 docuisse
772 1342 868 1406 lertur
897 1340 1100 1423 Pythagorius
1131 1337 1275 1420 philo-at

101 1443 225 1526 sophsri.
271 1446 425 1512 Numeros
448 1453 549 1511 autom
573 1454 604 1511 et
626 1465 786 1512 mensuras
809 1447 847 1511 ab
869 1447 1031 1530 Aegyptiis
1054 1447 1159 1510 dicunt
1174 1446 1237 1527 Pp·-

104 1550 250 1634 thsgorsm
275 1553 436 1636 didicisse,
459 1557 511 1636 qui
533 1555 701 1618 admiratus
723 1553 921 1617 sacerdotum
944 1571 1070 1636 gravem
1098 1560 1130 1616 et
1161 1569 1238 1632 spe-

103 1657 209 1722 ciosam
231 1667 264 1723 et
286 1677 350 1724 non
375 1661 433 1724 nisi
455 1661 619 1725 dillicultsr
641 1677 710 1724 oum
740 1653 806 1722 aliis
836 1660 1088 1722 communicatam
1111 1659 1239 1738 sapien-

103 1765 185 1849 tiam,
207 1769 342 1832 imitatus
365 1775 396 1830 et
419 1769 485 1850 ipse
507 1769 624 1850 pariter
645 1767 800 1830 silentium
823 1765 1006 1849 imponebat,
1031 1771 1063 1828 et
1084 1766 1115 1827 in
1139 1763 1239 1846 adytis

105 1871 301 1938 subterraneis
325 1874 489 1939 solitariam
515 1877 605 1939 vitam
629 1891 726 1958 sgere
750 1873 904 1938 discentes
926 1871 1113 1938 instituebat
1247 1888 1260 1938 t

178 1981 385 2063 Empedocles
407 1991 526 2066 autem,
550 1983 602 2064 qui
626 1989 695 2066 post
718 1982 775 2046 hos
798 1989 887 2045 natus
910 1987 973 2062 ost,
995 1982 1085 2044 etiam
1109 1978 1149 2043 de
1170 1997 1233 2063 go-

105 2085 211 2150 ninrum
226 2095 336 2153 natura
361 2089 438 2154 dixit
459 2089 561 2172 multa,
582 2097 614 2154 ut
626 2097 792 2175 versentur
811 2088 1057 2152 administrantes
1073 2104 1126 2150 res
1143 2105 1235 2148 mun·-

105 2189 203 2278 danas,
226 2211 358 2258 numero
381 2198 528 2277 permulti.
562 2195 619 2260 llic
642 2197 778 2260 universi
801 2197 982 2278 principium
1005 2193 1190 2258 discordiam
1206 2203 1237 2258 et

105 2299 252 2364 amicitiam
276 2301 371 2386 dixit,
394 2311 423 2366 et
456 2303 595 2367 monadis
623 2306 725 2388 ignom
748 2310 852 2367 mente
874 2302 1045 2384 praeditum
1069 2301 1175 2386 deum,
1205 2307 1235 2364 et
1262 2305 1277 2352 t

105 2408 267 2472 constitisse
291 2427 335 2472 ex
357 2410 421 2491 igni
443 2411 588 2477 universa
623 2419 655 2476 et
684 2413 713 2474 in
743 2411 845 2493 ignom
876 2410 1046 2474 resolutum
1078 2410 1124 2472 iri.
1180 2408 1235 2472 Cui

105 2509 162 2574 iere
183 2522 214 2578 st
235 2516 333 2579 Stoici
358 2516 578 2598 adstipulantur
601 2519 730 2582 decreto
752 2517 1026 2600 conflagrationem
1049 2524 1238 2598 exspectan-

105 2625 153 2684 tes.
193 2621 329 2686 llaxime
351 2629 450 2689 sutem
474 2625 608 2690 omnium
632 2624 789 2691 consentit
810 2641 878 2686 cum
909 2623 1091 2704 migratione
1118 2624 1238 2686 anima-

105 2741 177 2810 rum,
198 2727 243 2792 sio
265 2730 364 2794 latus:

218 2835 365 2900 Proiecto
391 2837 471 2900 euim
493 2855 555 2921 ego
579 2837 665 2903 extiti
687 2855 828 2920 puerque
850 2835 1014 2918 puellaque
1249 2843 1278 2894 to

222 2944 403 3026 Erntexque
426 2946 552 3027 alesque
576 2952 608 3009 et
630 2964 670 3008 ex
691 2947 768 3010 mari
792 2943 882 3008 exsul
903 2942 1007 3025 piscis.

105 3041 152 3108 llic
172 3067 278 3114 omnes
302 3052 419 3116 animas
441 3053 472 3115 in
497 3055 597 3116 omnia
622 3053 762 3116 animalis
794 3051 990 3116 transmutari
1021 3047 1103 3112 dixit.
1160 3047 1238 3110 Eie-

105 3153 158 3216 nim
179 3156 286 3222 horum
312 3165 421 3224 auctor
442 3159 633 3245 Pythagoras
655 3160 729 3224 dixit
753 3179 788 3224 ss
818 3159 1016 3241 Euphorbum
1045 3156 1157 3238 inisse,
1187 3155 1238 3235 qui

105 3259 137 3322 sd
168 3263 287 3330 'lroiam
320 3267 520 3352 imperitavit,
557 3267 711 3332 affirmans
746 3287 781 3332 se
816 3281 1049 3350 recognoscere
1087 3263 1237 3345 clypeum.

106 3363 181 3432 Erec
202 3373 326 3453 quidem
350 3373 561 3456 Empedocles.
1250 3369 1279 3420 1⁶

181 3477 353 3544 Esraclitus
377 3488 476 3544 autem
500 3479 645 3564 physicus
668 3479 882 3565 philosophus,
904 3479 1056 3563 Ephesius
1078 3480 1238 3541 universus

106 3595 149 3642 res
169 3583 295 3668 lugebat
315 3587 466 3651 insciliam
488 3589 653 3652 universae
676 3589 757 3651 vitae
781 3605 956 3671 coarguens
979 3593 1010 3649 st
1029 3582 1239 3648 omniumhc-

107 3687 221 3776 minum,
245 3695 406 3758 miseratus
422 3695 592 3758 mortalium
615 3695 717 3758 vitam.
762 3695 867 3758 Semel
890 3695 971 3758 enim
993 3691 1114 3756 dicebat
1137 3691 1239 3755 omnis

107 3799 299 3885 cognovisse,
321 3801 459 3883 reliquos
481 3809 582 3865 autem
604 3801 745 3864 homines
767 3799 849 3865 nihil.
893 3801 931 3864 Et
950 3803 1016 3882 ipse
1038 3817 1115 3863 voro
1139 3815 1239 3880 paene

109 3915 234 3983 congrua
257 3905 436 3989 Empedocli
459 3909 686 3992 pronunciavit,
717 3907 902 3972 discordiam
934 3913 965 3972 et
987 3907 1148 3972 amicitiam
1171 3909 1279 3969 stu-²⁰

108 4010 188 4074 tuem
202 4013 413 4080 universorum
430 4015 608 4097 principium
633 4033 706 4078 esse
730 4021 761 4078 et
774 4014 877 4100 ignem
893 4011 1114 4098 intelligibilem
1137 4011 1238 4091 deum,

109 4169 171 4236 titud
192 4169 277 4228 Stein.
295 4193 320 4228 r.
342 4175 395 4232 38³
414 4193 454 4248 sq.
558 4179 598 4232 to.
620 4178 740 4251 Θαμνός]
761 4177 806 4233 sui
823 4178 876 4252 θήρ
896 4177 1048 4244 (terrenus,
1066 4187 1096 4233 et
1113 4175 1238 4248 prolecto

111 4261 281 4336 quadrupeffis
306 4268 410 4321 mentio
438 4267 619 4324 desideratur.
645 4269 689 4324 An
717 4269 824 4342 ἀμνόςῖ
912 4271 1033 4341 metm]
1064 4272 1102 4324 sis
1130 4268 1175 4322 itt
1191 4265 1239 4321 slii

111 4351 224 4426 ἔμπορος]
243 4355 297 4412 Alii
317 4358 412 4422 aliter:
431 4360 493 4414 vide
511 4359 639 4416 Karsten.
661 4370 689 4416 et
707 4359 794 4416 Stein.
932 4364 974 4418 tu.
993 4362 1084 4416 scisso
1103 4358 1142 4412 uir
1159 4355 1240 4412 llos-

112 4455 183 4508 perus
204 4465 230 4519 p.
250 4451 311 4504 ooo.
407 4453 448 4508 ld.
468 4454 529 4524 sepi
540 4454 619 4508 'ttius
635 4451 789 4525 bosporus.
886 4456 928 4508 tl.
947 4454 1027 4509 ituris
1044 4451 1076 4517 di
1094 4446 1238 4522 Rusperus
