3006 4976
521 332 698 392 naussum.
744 331 907 390 PERATAE.
1221 325 1281 390 175

133 498 195 560 Est
216 505 334 578 autem,
365 496 481 578 inquit,
512 495 604 560 homo
627 497 679 561 ille
702 497 844 579 ignobilis
867 499 897 559 in
921 496 1036 560 mundo
1060 502 1091 560 et
1112 495 1281 577 pernobilis

133 603 182 688 [in
205 604 313 684 caelis,
335 601 489 683 proditus]
512 602 550 666 ab
574 603 786 685 ignorantibus
810 622 878 666 euna
901 605 938 665 iis
960 604 1011 683 qui
1038 603 1197 684 ignorant,
1223 622 1282 665 ae-

131 711 277 773 stimatus
306 714 339 770 ut
368 715 454 790 gutta
483 726 500 770 a
530 708 630 789 cad03
674 727 731 773 nos
762 715 864 771 autem
892 725 1013 791 sumus,
1056 709 1169 791 inquit,
1212 707 1279 789 spi-

137 813 284 897 rituales,
334 814 386 895 qui
415 813 504 876 nobis
535 814 675 896 eligimus
704 833 721 877 a
752 815 823 877 viva
855 832 934 894 aqua
965 813 1087 876 liuentis
1116 813 1279 895 Euphratis

133 939 198 1004 per
219 921 350 982 mediam
372 917 560 1002 Babylonem
583 920 802 1001 domesticum,
835 938 891 1002 per
915 927 1034 1000 portam
1062 927 1199 982 meantes
1222 939 1318 987 ve-ss

137 1045 216 1110 ram,
238 1045 319 1109 quae
343 1033 391 1089 est
416 1025 502 1090 lesus
525 1025 643 1090 bealus.
694 1027 732 1089 Et
753 1044 857 1089 sumus
881 1046 921 1088 ex
943 1026 1083 1089 omnibus
1106 1025 1279 1089 homiuibus

139 1151 201 1197 nos
225 1131 388 1195 Christiani
409 1132 468 1195 soli
490 1132 519 1193 in
543 1133 632 1195 tertia
654 1138 742 1213 porta
764 1131 960 1212 perficientes
983 1132 1157 1214 mysterium
1175 1139 1205 1194 el
1218 1150 1280 1194 un-

77 1289 82 1294 .
140 1241 185 1302 cti
207 1240 248 1302 ibi
270 1237 418 1302 ineiiabili
449 1244 609 1319 unguento
640 1257 680 1300 ex
709 1256 807 1301 cornu
831 1245 864 1301 ut
892 1238 1006 1322 David,
1039 1256 1100 1301 non
1128 1257 1168 1301 ex
1197 1237 1279 1301 lictili

140 1345 215 1428 nlla,
246 1353 279 1408 ut
301 1345 382 1429 Saul,
411 1353 614 1408 conversatus
637 1362 704 1407 cum
728 1345 808 1408 malo
832 1344 984 1409 daemone
1007 1345 1137 1410 earnalis
1160 1363 1280 1409 coneu-

135 1451 316 1533 piseentiae.
1288 1463 1318 1513 to

230 1553 280 1617 10.
324 1556 361 1618 Et
380 1553 457 1618 haec
480 1555 601 1635 quidem
625 1561 658 1618 ut
678 1572 777 1635 pauca
792 1554 831 1617 de
852 1555 952 1618 multis
966 1558 1172 1637 apposuimus.
1206 1556 1281 1621 Sunt

139 1664 223 1727 enim
246 1661 476 1725 innumerabilia
501 1661 645 1724 stultitiae
669 1663 843 1743 conamina,
877 1662 980 1743 inepta
1013 1662 1063 1724 illa
1096 1671 1127 1725 et
1156 1681 1279 1726 vesana.

139 1769 204 1834 Sed
235 1787 302 1830 cum
334 1784 391 1848 pro
422 1765 536 1829 viribus
565 1767 769 1829 insanientem
792 1783 897 1828 eorum
921 1769 1099 1847 sapientiam
1122 1786 1280 1850 exposue-

139 1877 245 1957 rimus,
269 1879 301 1935 el
322 1872 383 1936 hoe
406 1873 501 1935 visum
526 1877 572 1934 esl
596 1889 763 1953 apponere.
809 1871 943 1934 Psalmus
966 1875 1001 1934 iis
1025 1873 1110 1937 lusus
1133 1881 1180 1936 est
1202 1874 1279 1958 telis,

141 2000 199 2064 per
229 1997 319 2062 quem
343 1980 443 2042 omnia
468 1996 523 2041 sua
547 1979 661 2042 erroris
685 1977 829 2060 mysteria
853 1976 994 2042 videntur
1017 1986 1108 2044 cantu
1131 1982 1278 2044 concele—
1289 2001 1320 2050 ιο

139 2089 234 2151 brare
256 2087 287 2149 in
310 2085 390 2148 hunc
414 2083 556 2149 modum:

140 3425 299 3497 ὀπραελνοο
321 3421 410 3492 φακοῦ
427 3451 464 3464 -
481 3417 582 3488 Σαούλ]
608 3414 664 3471 Cir.
686 3417 698 3471 1
718 3414 790 3471 Sam.
813 3416 861 3480 10,
887 3414 900 3468 1
929 3413 975 3467 καλ
998 3414 1073 3481 ἔλαβε
1097 3409 1223 3483 Σαμουὴλ
1241 3407 1284 3462 τὸν

141 3516 236 3588 φακὸν
259 3514 303 3568 τοῦ
326 3516 431 3575 ἔλαιον,
457 3511 503 3564 καλ
525 3512 643 3581 κατέχεεν
669 3509 712 3562 lat
735 3507 780 3576 τὴν
805 3504 922 3577 κεφαλὴν
947 3503 1027 3556 αὐτοῦ
1138 3501 1183 3555 28.
1202 3502 1247 3553 29.
1269 3499 1283 3551 ὅ

142 3604 401 3679 συμπολιτευόμενος
424 3634 460 3647 -·
483 3599 639 3674 ἔπιθομλας]
665 3597 707 3654 Cf.
730 3599 742 3653 1
764 3595 837 3652 Sum.
860 3598 909 3660 16,
932 3595 966 3649 14
992 3593 1038 3646 καὶ
1060 3592 1166 3663 πνεῦμα
1190 3593 1284 3662 avalon

144 3699 249 3763 ἀπέστη·
260 3695 313 3750 ἀπὸ
331 3695 429 3758 Σαούλ,
446 3693 493 3747 καλ
511 3695 618 3763 ἔπνιγεν
635 3689 714 3744 αὑτὸν
731 3689 837 3760 πνεῦμα
855 3685 973 3757 πονηρὸν
990 3683 1166 3754 neomaenias
1237 3681 1283 3734 ³2.

143 3791 175 3864 τῇ
193 3788 307 3860 δυνάμει
326 3801 401 3856 susp.
419 3780 465 3839 ill:
485 3785 513 3836 ἔν
529 3781 662 3853 δονόμει1
747 3780 791 3833 34.
817 3769 901 3846 οὗτος]
922 3770 1044 3835 οὕτωςίί
1125 3772 1170 3826 36.
1191 3771 1284 3825 δοκοῦ·

146 3899 190 3934 σιν
209 3878 354 3952 ὁμνφδεῐν]
369 3875 477 3929 δοκοῦσι
489 3873 535 3926 διὰ
549 3869 637 3944 ὅμνοο
654 3869 696 3924 ἀεὶ
710 3869 776 3923 δοῦν
795 3865 831 3931 C;
857 3865 965 3921 δοκοῦσι
980 3863 1026 3919 διὰ
1041 3861 1128 3935 ὕμνον
1145 3861 1243 3915 ἀείδειν
1255 3859 1284 3914 Μ

143 3974 189 4026 36.
211 3987 270 4043 sqq.
298 3966 382 4022 Hune
408 3966 537 4037 hymnum
562 3963 629 4018 citra
655 3977 732 4032 spem
752 3959 846 4014 salutis
867 3964 1024 4027 corruptum
1042 3961 1187 4007 attrectare
1207 3953 1285 4006 veriti

144 4080 256 4124 suman
277 4077 343 4130 ergo
362 4057 450 4113 secuti
470 4071 563 4110 sumus
581 4051 719 4109 Millerum
832 4049 878 4102 36.
899 4046 913 4100 ὃ
931 4045 1073 4117 προλιιαεος
1090 4044 1155 4105 νόος
1166 4060 1241 4114 susp.
1256 4040 1285 4095 Μ

144 4155 189 4212 38.
209 4159 325 4227 τρίτατον
342 4150 372 4206 Μ
443 4148 606 4220 ἐργαζομένη
624 4143 654 4198 Μ
725 4141 757 4195 δ’
773 4138 847 4207 ἔλαβ’
867 4137 921 4192 ἔνθ’
941 4140 997 4208 luy.
1016 4152 1092 4206 susp.
1110 4133 1138 4188 Μ
1240 4135 1283 4186 39.

143 4247 218 4300 τούπ’
238 4245 350 4314 ἔλαφον]
369 4243 441 4295 τοῦτο
459 4243 560 4308 ἔλαφον
578 4233 613 4290 C:
641 4233 707 4288 τοῦτ’
728 4231 829 4302 ἐλάφου
848 4245 922 4300 susp.
941 4225 970 4282 Μ
1085 4227 1129 4280 41.
1159 4223 1219 4278 n'orl
1235 4223 1287 4295 μέν

143 4339 283 4408 βασιλείαν
300 4331 330 4390 Μ
437 4333 482 4385 42.
501 4328 584 4397 ἔλεον]
603 4320 733 4379 ἔλαιονῦ
806 4315 970 4393 ἔρριμένοίζ
1091 4317 1135 4368 46.
1154 4310 1285 4366 κακῶνΜ

144 4430 189 4483 47.
208 4427 300 4494 inillis
317 4422 346 4478 Μ
461 4421 506 4475 48.
525 4421 598 4472 εέιιεν
615 4417 645 4470 «t’
661 4413 770 4480 Ἰησοῦς,
790 4411 870 4481 ἔσόρα
888 4409 969 4480 πάτερ
986 4404 1017 4460 Μ
