3006 4976
213 273 273 340 114
318 274 355 360 (p.
379 273 526 359 εο-ετ.)
628 279 724 338 ποτε
745 280 790 352 ιν,
813 285 865 340 ιε.
889 285 941 338 ιι.

173 459 279 518 ῖενοι,
305 439 381 505 οὔθ’
401 438 456 505 ἀπ’
478 439 584 506 αδτιῦν
605 442 863 528 ταραχθησονται
886 440 930 516 ὡς
952 439 1104 524 ἀμαθεῖς,
1127 434 1203 503 οὔθ’
1223 435 1289 502 ύπό
1310 461 1356 500 τι-

212 568 278 611 νων
299 547 562 634 πλανηθήσονται
584 547 627 623 ιύς
648 547 782 632 δυνάμει
804 554 863 614 τινί
885 548 1044 637 ὀράνωιν,
1068 545 1138 610 ἀλλ’
1155 545 1198 630 ἔτι
1213 549 1270 608 καί
1284 544 1356 619 τούς

213 653 442 738 πλανωμένους
460 655 707 743 ἐπιτηρησουσιν.

299 765 351 830 46.
389 762 518 839 Ἱκανιῦς
552 761 612 828 οὖν
640 763 679 827 τοὶ
708 762 847 840 δόξαντα
874 760 1044 844 ἐκθέμενοι
1073 757 1189 823 λοιπόν
1215 757 1270 820 ἐπὶ
1300 757 1355 844 τὴν
1493 784 1496 811 ι

213 872 268 934 τοῦ
294 873 502 956 προκειμένου
531 873 752 958 πραγματείαν
778 869 978 954 χωρήσωμεν,
1009 867 1098 940 ὅπως
1119 866 1138 929 δ
1158 866 1355 954 τείτάγμεθα
1489 896 1494 911 «

178 981 286 1063 εοπερί
313 981 376 1040 τιῦν
403 973 556 1062 αἱρέσεων
576 976 788 1054 ἐπιδείξαντες
808 975 948 1050 ἑκάστοις
970 997 1001 1037 τε
1022 973 1061 1036 τοὶ
1083 971 1151 1036 ἴδια
1173 971 1355 1036 ἀποδοῦναι

127 1161 141 1177 ἱ
214 1079 450 1161 ἀναγκάσαντες
467 1081 605 1165 γυμνούς
617 1081 688 1156 τοῦς
702 1077 907 1168 αἱρεσιάρχας
921 1077 1159 1164 φανεράσομεν,
1181 1081 1236 1140 καί
1248 1075 1355 1161 ἀφρο-

215 1187 312 1272 σύνην
339 1191 403 1250 τιῦν
427 1190 634 1270 πειθομένων
659 1187 922 1273 κατηγορήσαντες
948 1187 1098 1268 ιτείσομεν
1125 1183 1356 1271 παλινδρομεῖν

215 1291 269 1358 ἐπί
296 1293 351 1357 τόν
376 1297 430 1379 τῆς
457 1293 615 1380 ἀληθείας
641 1293 750 1359 εύδιον
778 1293 902 1376 λιμένα.
946 1292 1013 1356 Ἰνα
1035 1289 1072 1356 δὲ
1092 1295 1271 1379 σαφέστερα
1292 1301 1356 1365 τοῖς

215 1400 439 1482 ἐντυγχάνουσι
468 1403 507 1465 τά
530 1401 736 1487 ῥηθησόμενα
765 1405 869 1492 φανῇ,
900 1399 1063 1464 δοκεῖκαὶ
1085 1398 1152 1486 [τὰ]
1174 1403 1217 1485 τῷ
1234 1398 1355 1484 ’Λράτρι

176 1511 471 1594 οίπεφροντισμένα
501 1513 574 1595 περὶ
595 1513 648 1594 τῆς
668 1508 749 1572 κατά
770 1513 833 1572 τῶν
854 1505 1015 1594 ούρανίων
1036 1507 1160 1594 ἀστρων
1179 1505 1357 1580 διαθέσεως

220 1613 374 1693 ἐξειπεῖν,
398 1615 441 1691 τίς
461 1638 539 1692 τινες
560 1617 605 1691 είς
627 1615 665 1680 τά
687 1615 751 1680 ῦπό
774 1619 837 1680 τοίυ
857 1618 995 1701 γραφιῦυ
1015 1615 1166 1700 είρημένα
1194 1613 1357 1678 άπεικονί-

218 1719 318 1796 ζοντες
347 1721 429 1786 αδτά
457 1721 685 1810 ἀλληγοροῦσι,
714 1721 860 1806 μετάγειν
880 1723 935 1786 τδν
957 1725 1036 1786 νοῦν
1057 1724 1120 1785 τιῦν
1139 1720 1357 1803 προσεχόντων

217 1829 421 1914 πειρώμενοι,
453 1833 610 1906 πιθανοῖς
639 1829 744 1910 λόγοις
764 1828 976 1914 προσάγοντες
998 1825 1112 1902 αύτούς
1133 1828 1214 1914 πρὸς
1236 1827 1258 1890 ἀ
1279 1826 1357 1910 βού-
1388 1828 1390 1833 ’

217 1933 336 2012 λονται,
359 1938 452 2012 ξένον
471 1939 590 2019 θαῦμα
612 1935 844 2019 ἐνδεικνύμενοι
865 1934 908 2011 τίς
930 1938 1215 2022 κατηστερισμέυων
1232 1931 1357 1998 τῦνύά

181 2057 211 2105 so
220 2038 326 2104 αὐτῶν
350 2040 547 2124 λεγομένων,
578 2047 612 2106 οῖ
631 2046 673 2128 τῷ
695 2045 868 2129 παραξένῳ
890 2041 1037 2125 θαύματι
1057 2041 1227 2128 ἐνορῶντες
1246 2064 1357 2129 μικρο-

220 2148 403 2231 θαύμαστοι
424 2147 606 2214 ἁλίσκονται
627 2148 717 2234 δίκην
740 2147 854 2235 ὀρνέου
875 2153 930 2214 τοῦ
953 2148 1123 2232 λεγομένου
1148 2150 1239 2226 ἀτου,
1263 2145 1302 2213 ού
1323 2148 1357 2212 τό
1425 2203 1428 2209 .

219 2254 424 2340 παράδειγμα
447 2255 548 2320 καλὸν
568 2254 707 2332 ἐξειπεῖν
728 2254 784 2320 όιά
805 2256 844 2320 τὰ
865 2255 1033 2340 μέλλοντα.
1070 2257 1152 2319 Ἔστι
1175 2255 1211 2320 δὲ
1225 2255 1259 2318 τι)
1277 2255 1358 2342 ζῷον

219 2360 259 2426 οδ
281 2362 365 2428 πολι)
387 2361 597 2448 ἀπεμφαῖνον
619 2361 712 2428 ἀετοῦ
733 2364 805 2428 οῦτε
825 2365 956 2446 μεγέθει
977 2363 1048 2427 ούτε
1074 2365 1202 2451 μορφῇ·
1231 2360 1358 2424 ἁλίσκε-

218 2491 271 2534 ται
292 2468 329 2534 de
349 2473 460 2536 τοῦτον
480 2471 535 2535 τόν
555 2471 682 2557 τρόπον.
719 2470 757 2534 ‘0
782 2469 932 2556 ἀγρευτης
951 2473 1016 2534 τῦν
1037 2468 1180 2556 ὀρνίθων
1200 2468 1285 2532 ἐπάν
1306 2465 1357 2557 ίδη

182 2594 211 2644 οε
221 2576 338 2664 ἀγέλην
359 2600 423 2642 που
452 2583 676 2656 καταπτάσαν,
707 2577 879 2662 πόρρωθεν
901 2575 1158 2661 ἀνακρουόμενος
1178 2575 1234 2650 τὰς
1254 2585 1360 2660 χεῖρας

220 2680 389 2770 ὀρχείσθω
411 2683 596 2770 σκήπτεται,
627 2687 681 2746 καί
708 2681 789 2746 οῦτοι
818 2680 899 2765 πρὸς
928 2676 1036 2758 ὀλίγον
1057 2677 1166 2758 ἐγγίζει
1188 2689 1253 2753 τοῖς
1273 2679 1360 2762 ὀρνι-

221 2809 289 2855 σιν·
326 2787 358 2854 ολ
385 2789 421 2854 δὲ
449 2789 505 2875 τὴν
531 2789 716 2874 παράξενον
736 2790 824 2851 θέαν
845 2784 1117 2870 καταπεπληγότες
1139 2782 1361 2873 ἀπερίβλεπτοι

221 2896 352 2962 πάντων
372 2899 523 2977 γίνονται.
560 2896 677 2984 Ἐτεροι
699 2893 736 2959 δε
756 2898 819 2958 τοῖν
840 2893 894 2958 ἐπὶ
914 2891 971 2978 τὴν
991 2893 1361 2978 ἀγρανπαρεσκευασμί-

205 3023 287 3066 -νωυ
316 3004 455 3068 ὄπισθεν
484 3001 675 3076 ἐπελθόντες
701 2999 774 3075 τούς
800 3001 903 3088 ὄρνεις
924 2997 1061 3072 εὐκόλως
1084 2996 1361 3080 συλλαμβάνονται

184 3115 214 3163 70
222 3111 408 3192 θεωμένους
435 3109 490 3174 τόν
518 3107 679 3195 ὀρχηστήν.
729 3108 788 3171 Διό
811 3106 892 3185 ἀξιιῦ
913 3105 957 3191 μή
978 3128 1023 3179 τις
1044 3113 1108 3178 τοῖς
1129 3102 1252 3186 ὀμοίοις
1273 3105 1363 3168 θαύ-

222 3232 300 3298 μασι
329 3216 539 3297 καταπλαγεὶς
568 3215 787 3302 ἐξηγουμένων
814 3214 869 3279 τδν
896 3212 1037 3300 οῦροινόν
1066 3209 1157 3298 δίκην
1185 3213 1266 3276 ιῦτου
1288 3212 1364 3276 συλ-

222 3320 339 3412 ληφθῇ
349 3345 357 3363 ·
387 3323 513 3408 ὄρχησις
538 3321 600 3409 γάρ
623 3327 677 3386 καί
697 3321 792 3410 λῆρος
813 3320 832 3408 ἢ
854 3325 917 3386 αῦν
937 3320 1087 3385 τοιούτων
1107 3323 1289 3407 πανουργία
1310 3324 1364 3384 καί

223 3425 281 3491 οῦκ
304 3426 457 3513 ἀλήθεια.
503 3429 604 3515 Φησίν
625 3426 685 3493 οῦν
706 3427 875 3513 δἈρατος
896 3426 1034 3513 οῦτως·Ι
1070 3441 1072 3446 ’

244 3585 248 3592 .
269 3533 310 3597 Οί
331 3539 391 3618 μὲν
412 3534 499 3619 δμιῦς
519 3535 633 3610 πολέες
653 3559 684 3598 τε
705 3538 760 3597 καὶ
782 3533 914 3608 ἄλλυδις
936 3532 1030 3596 ἄλλοι
1051 3532 1156 3607 ἐόντες

184 3652 214 3700 ῖί
265 3639 395 3731 ούρανηῦ
416 3642 560 3707 ἕλκονται
581 3641 679 3707 πάντ’
700 3643 807 3727 η’μοιτα
828 3644 953 3721 συνεχὲς
975 3640 1039 3703 αίεί
1057 3639 1221 3725 (τουτέστιν
1237 3635 1365 3702 ολπάν-
1419 3683 1422 3692 .

552 3771 601 3823 τες
622 3747 768 3835 ἀστέρες).

267 3839 378 3939 Λύτάρ
401 3851 446 3932 67²
468 3851 538 3917 οόδ’
556 3854 665 3934 ὀλίγον
684 3856 909 3938 μετανίσσεται,
931 3848 1015 3914 ἀλλά
1037 3848 1113 3934 μάλ’
1134 3848 1237 3924 τούτοις

268 3959 357 4036 ἄξων
377 3958 450 4022 αίεν
471 3960 599 4047 ἄρηρεν,
622 3962 685 4041 ἔχει
707 3959 738 4024 δ
756 3957 936 4024 ἀτάλαντον
958 3957 1084 4047 ἁπάντη

267 4063 421 4150 μεσσηγύς
442 4075 550 4146 γαῖαν,
572 4073 646 4156 περὶ
667 4066 699 4132 δ’
718 4065 858 4155 οδρανόν
880 4063 977 4128 αότόν
995 4062 1106 4178 ἀγινεῖ.

295 4270 340 4325 45.
360 4268 422 4323 οόδ’
441 4301 479 4320 ·-
498 4268 559 4324 οόδ’
580 4267 601 4324 C
619 4268 648 4325 M
757 4271 802 4326 54.
821 4270 851 4325 τὰ
876 4269 928 4324 add
946 4265 976 4324 Μ
1084 4270 1128 4324 57.
1153 4267 1287 4341 μετάγειν]
1304 4265 1370 4338 μετὰ

224 4362 261 4418 (ἔτ
280 4363 384 4417 άπατῦν
403 4379 425 4415 ε.
446 4363 645 4433 πλανόωιωρ.
663 4358 695 4415 Μ
803 4364 847 4417 64.
873 4361 916 4416 De
936 4360 988 4415 Ιιεο
1007 4369 1120 4432 mptum
1139 4360 1175 4414 οῖ.
1194 4357 1296 4412 Athen.
1315 4349 1366 4421 lx,

222 4473 250 4526 ρ.
269 4457 322 4510 390
335 4453 371 4508 l).
384 4451 414 4510 M
500 4457 544 4513 65.
563 4455 629 4510 κατὰ
639 4455 730 4509 πᾶσαν
742 4450 810 4526 prG
891 4455 936 4508 71.
951 4449 1156 4526 ἐξηγούμενονῦ
1230 4451 1274 4503 72·
1292 4448 1371 4521 ὄρχιν
