3056 4970
603 317 854 418 sinon'unuus.
1239 349 1300 416 245

154 529 218 576 non
254 508 418 574 efficientia
453 510 573 591 exisini.
630 513 710 596 Hoc,
741 516 853 596 inquit,
887 523 934 579 esi
965 503 1037 577 ibid
1069 517 1152 597 quod
1188 518 1299 584 dicium

155 626 224 682 esi:
261 618 308 680 Ne
329 633 392 680 ono
413 635 482 680 cum
503 622 615 683 mondo
637 621 880 684 condemnemur.
924 607 1113 689 Ubi'aulem
1144 625 1340 708 arigim-nb

155 731 206 786 bur
229 728 260 784 el
282 723 395 786 aristei
416 741 434 786 a
456 735 571 806 puncto
595 729 735 810 indiviso,
757 727 847 790 siculi
870 726 1015 808 scriplum
1040 737 1087 793 esi
1108 733 1139 794 in
1162 732 1299 797 Revela-

153 830 259 910 iiune,
288 845 415 911 parvum
445 831 556 895 evadet
585 852 737 917 magnum.
799 831 941 914 llagnuin
968 839 1069 897 aulem
1092 837 1164 900 illud
1189 841 1247 904 arii
1268 843 1299 904 in

153 953 246 999 omne
269 953 376 999 aevum
399 944 429 999 ei
451 923 648 1023 immuialum,
675 945 781 1020 uipoie
800 938 881 1019 quod
902 939 1026 1019 amplius
1048 959 1111 1004 non
1132 941 1194 1006 liat.
1241 947 1298 1020 Oui

151 1043 247 1126 igilur
261 1049 292 1104 ei
307 1041 473 1127 quomodo,
495 1045 603 1129 inquii,
618 1045 705 1126 lingit
721 1043 873 1106 bominem
895 1043 993 1108 deus?
1037 1033 1071 1109 ln
1085 1047 1239 1132 paradiso,
1253 1051 1298 1112 sic

153 1151 234 1212 enivn
257 1150 287 1212 ei
309 1147 418 1229 placei.
462 1149 547 1225 Esio,
569 1153 675 1235 inquii,
698 1149 857 1234 paradisus
881 1157 1002 1234 uienvs,
1026 1151 1119 1234 idque
1142 1171 1212 1216 esse
1236 1162 1336 1218 ve-bo

152 1272 220 1317 rum
244 1254 394 1335 scriptura
416 1252 549 1336 docebit,
572 1255 694 1335 quando
721 1255 808 1321 dicii:
839 1257 995 1338 Eponam
1017 1258 1070 1337 qui
1089 1255 1190 1334 sonno
1214 1267 1243 1319 ie
1264 1261 1295 1321 in

149 1368 237 1423 utero
264 1362 374 1422 mairia
403 1367 482 1422 icoc.
526 1359 645 1424 Etenim
672 1361 732 1426 boc
753 1363 795 1426 iin
818 1364 962 1443 scriptum
985 1362 1056 1424 vuli.
1109 1362 1295 1444 Paradisum,

154 1465 261 1548 inquii,
284 1464 543 1549 perallegoriam
566 1465 669 1528 Moses
692 1476 811 1531 uiarum
836 1469 928 1550 dixit,
951 1470 1102 1548 siquidem
1126 1467 1199 1530 licei
1220 1469 1293 1550 logo

149 1569 291 1634 credere.
347 1572 379 1637 Si
402 1590 478 1636 vero
502 1571 614 1634 formai
638 1571 713 1635 deus
738 1575 769 1635 in
791 1581 880 1637 ulero
904 1575 1009 1636 mauis
1032 1571 1202 1656 hominem,
1234 1573 1293 1638 boo

149 1685 197 1741 asi
219 1679 249 1742 in
272 1678 432 1761 paradiso,
455 1683 488 1740 ui
510 1677 666 1760 dicebam,
687 1684 755 1741 esto
778 1676 938 1757 paradisus
961 1685 1080 1762 ulerus,
1113 1679 1209 1742 Edem
1233 1689 1331 1744 au-se

147 1789 209 1846 iem
231 1786 321 1868 regio
343 1784 403 1866 illa,
425 1783 536 1847 fluvius
559 1784 725 1866 egrediens
748 1803 788 1846 ex
810 1783 905 1847 iidem
928 1783 967 1848 nd
990 1784 1179 1867 irrigandum
1195 1789 1291 1867 par'a-

149 1890 247 1954 disum
278 1889 447 1956 umbilicus.
498 1891 569 1973 llio,
600 1893 716 1974 inquit,
751 1890 894 1956 dividitur
915 1891 1073 1954 umbilicus
1094 1895 1125 1954 in
1148 1900 1292 1973 quaiiuor

147 1999 257 2079 capilo.
310 1997 358 2060 Ab
390 2001 521 2080 utraque
557 2000 637 2061 enim
667 2005 756 2080 paria
785 1999 917 2064 umbilici
948 1999 1028 2063 duae
1057 2007 1128 2062 suni
1158 2003 1290 2065 arieriae

146 2105 229 2166 iuxln
252 2111 376 2186 tensae,
409 2105 533 2167 canales
556 2105 695 2188 spiritus,
720 2112 752 2168 ei
773 2105 853 2169 duae
875 2123 988 2188 venae,
1012 2105 1137 2168 canales
1158 2108 1289 2189 sangui-

137 2211 202 2284 nis.
246 2209 303 2274 Ubi
325 2215 440 2293 autern,
471 2211 584 2294 inquil,
607 2227 646 2273 ex
670 2211 766 2275 Edam
788 2214 919 2294 regione
939 2211 1105 2296 egrediens
1129 2213 1310 2280 uvnbilicusi

145 2316 298 2379 increscei
321 2317 460 2380 nascenti
484 2318 566 2408 circa
590 2319 805 2402 epigaslrium,
836 2337 927 2400 quem
956 2320 1109 2381 communi
1136 2336 1194 2380 usu
1216 2319 1288 2382 uni-

144 2423 227 2486 versi
250 2423 405 2504 appellant
426 2423 601 2486 umbilicum
625 2471 633 2489 .
660 2470 667 2486 .
690 2469 699 2487 .
722 2471 730 2489 .
753 2424 834 2487 duae
858 2430 959 2486 auiam
986 2423 1056 2486 illac
1085 2441 1197 2508 venne,
1232 2442 1287 2506 per

145 2547 220 2611 quas
242 2528 307 2592 lluii
330 2537 361 2592 ei
382 2529 478 2592 ierlur
502 2529 540 2592 ab
561 2529 658 2592 iidem
682 2530 812 2612 regione
833 2531 961 2612 sanguis
983 2545 1041 2610 por
1062 2536 1183 2612 port-as,
1206 2549 1286 2611 quae

145 2635 287 2700 dicuntur
310 2636 437 2719 hepatis,
461 2655 542 2717 quae
562 2654 694 2700 nascens
718 2636 819 2714 alunl;
843 2635 975 2697 arieriae
992 2641 1093 2697 aulem
1107 2634 1187 2718 illae,
1210 2653 1309 2715 quasa

145 2741 275 2806 diximus
307 2743 431 2806 canales
468 2761 538 2808 esse
572 2744 747 2826 sanguinis,
780 2740 817 2804 ab
848 2747 977 2820 ulraque
1003 2748 1094 2803 arte
1126 2741 1286 2821 amplexae

143 2849 279 2913 vesicam
309 2851 390 2912 circa
422 2850 532 2931 pelvim
562 2867 702 2933 magnam
738 2849 879 2910 arianam
913 2758 1112 2943 oodfinni,
1135 2846 1206 2910 ,boc
1239 2856 1287 2911 esi

144 2973 223 3038 quae
251 2973 308 3039 per
338 2957 462 3020 dorsum
495 2963 624 3020 vocatur
652 2963 787 3034 noriam,
830 2959 860 3016 ei
890 2955 931 3016 iia
967 2971 1023 3034 per
1053 2955 1131 3017 osiia
1163 2955 1193 3016 in
1230 2971 1286 3016 cor

143 3080 306 3145 permeans
328 3064 452 3144 spiritus
476 3071 590 3126 molum
615 3061 709 3126 efficii
736 3063 935 3125 nicrinurum.
992 3060 1070 3124 Dum
1104 3062 1182 3122 enirn
1216 3061 1284 3124 ior-

143 3178 240 3234 malur
262 3169 363 3233 inians
385 3170 417 3232 in
439 3169 600 3253 paradiso,
631 3187 734 3251 neque
756 3187 812 3232 ora
835 3169 1007 3232 alimentum
1031 3167 1154 3250 accipit,
1182 3177 1322 3247 nequalo

144 3277 270 3340 naribus
284 3279 437 3358 respira23
471 3278 502 3339 in
530 3275 660 3339 humidis
683 3276 765 3348 enirn
792 3276 927 3338 versanti
951 3282 1018 3338 erat
1042 3275 1070 3336 ei
1092 3280 1163 3337 anie
1186 3274 1283 3355 pedes

143 3401 225 3446 mors
247 3385 274 3446 si
296 3386 481 3466 respiraret,
513 3383 651 3446 duxisset
680 3383 759 3445 enim
785 3401 825 3444 ax
846 3380 977 3444 bumidis
1000 3388 1032 3444 el
1052 3389 1205 3462 peremtus
1229 3399 1284 3445 es-

142 3497 198 3553 sai
242 3489 513 3554 verumenimvero
537 3489 773 3552 circumvoluius
797 3493 845 3551 est
866 3493 948 3552 bolus
972 3487 1073 3550 tunica
1086 3534 1094 3568 ,
1129 3505 1209 3569 quae
1232 3486 1283 3548 di-

143 3597 219 3659 ciiur
241 3597 382 3679 amnium,
405 3596 494 3661 aliiur
511 3604 616 3660 amem
639 3612 696 3676 per
716 3593 905 3676 umbilicum,
930 3600 960 3656 ei
982 3611 1039 3675 per
1060 3593 1227 3676 dorsalem,
1250 3600 1283 3655 ui

143 3701 290 3783 dicebam,
314 3704 455 3766 arteriam
477 3703 599 3784 spiritus
623 3701 786 3765 essentiam
810 3700 929 3778 accipit.
954 3723 961 3730 ·
1291 3711 1320 3760 io

142 3895 377 3988 duapdlmorss
435 3969 442 3986 ι
492 3900 537 3954 95.
560 3895 714 3988 πλάσειςῦ
828 3896 937 3988 97398.
957 3891 1040 3984 ,Fora
1065 3893 1116 3950 clv.
1135 3892 1234 3948 larem.
1256 3897 1280 3960 i,

141 3972 183 4094 gl.
199 3977 227 4093 ll
244 3991 258 4022 ο
261 3971 856 4132 3.υέ17ὂλᾝῦταῖὀξνῷωέἑῒσιςεύετιαιἥδε.
867 3962 1075 4128 'luillploelllyiillv
1092 4037 1136 4090 τὸν
1153 3969 1281 4106 nlpalvlll

139 4113 325 4256 iiiiii
339 4114 552 4239 liw'l‘i‘ffil‘.
565 4131 851 4256 iiiiii-“iiiia
865 4107 1071 4252 ,insidii
1087 4108 1280 4249 „alniis

139 4249 242 4310 Christ.
261 4253 404 4347 Peterson,
425 4255 488 4310 coll.
508 4253 614 4310 Gaiano
631 4260 661 4310 in
680 4259 800 4340 Hippiam.
821 4255 859 4308 De
879 4257 1004 4308 Alimenta
1022 4271 1050 4375 p.
1063 4254 1116 4304 290
1135 4255 1173 4334 ed.
1192 4253 1279 4304 Obori.

140 4323 185 4380 vi.
206 4345 232 4398 p.
248 4327 301 4382 387
321 4331 409 4416 linia.
429 4325 492 4382 XV.
561 4396 568 4409 .
610 4327 651 4380 10.
682 4324 853 4396 signavimus
871 4325 996 4412 lacuuam
1041 4339 1074 4410 oc
1096 4321 1280 4460 megalo&

131 4395 646 4544 seminandorum.
667 4398 788 4525 iiii.
805 4397 1004 4468 avve]
