2920 4982
478 374 608 435 ESSElil.
653 373 844 434 tntntsttttt.
1172 370 1238 438 487

86 546 250 614 flaverunt.
308 546 363 612 Est
394 547 474 611 enim
510 563 616 610 eorum
652 545 751 609 cultos
793 544 886 610 divini
919 547 1053 612 numinis
1089 525 1278 613 vetustiorto

86 655 230 718 omnibus
252 653 391 740 populis,
413 656 453 718 ita
477 660 511 717 ut
533 660 681 736 appareat
703 671 827 738 omnes,
851 655 902 736 qni
926 654 1047 719 dedeo
1069 655 1154 738 loqui
1173 658 1238 720 ansi

87 771 161 826 suat
182 761 233 825 uel
257 762 296 824 de
319 761 422 826 mundi
447 761 579 845 fabrica,
600 779 663 825 non
688 759 811 826 aliunde
833 760 944 825 tradita
968 763 1129 845 accepisse
1143 765 1237 845 initia,

85 889 178 953 quam
213 891 229 935 a
259 869 389 936 ludaico
417 868 629 952 legislatione,
663 887 791 951 qnorum
821 869 958 951 inprimis
989 869 1179 954 Pythagoras
1207 879 1239 935 at

85 979 182 1042 Stoici
205 978 285 1061 apud
311 978 482 1062 Aegyptios
504 977 542 1040 alt
566 979 603 1042 iis
626 979 726 1040 edocti
751 983 948 1060 acceperunt.
1003 979 1116 1042 Dicunt
1137 986 1236 1044 autem

85 1093 118 1149 et
140 1087 284 1152 iudicium
309 1105 381 1151 esse
404 1087 538 1151 luterum
561 1093 593 1149 at
615 1085 750 1150 universi
772 1085 1025 1169 deflagrationem
1055 1095 1084 1150 et
1107 1088 1275 1163 iniustosm

84 1195 222 1277 punitum
246 1195 283 1259 iri
313 1198 343 1259 in
373 1203 541 1259 aeternum.
594 1193 710 1260 cotttur
741 1203 840 1258 autern
868 1196 1028 1259 intereos
1059 1196 1235 1259 vaticinatio

85 1310 118 1366 et
140 1304 310 1386 praedictio
335 1322 436 1367 rerum
461 1303 639 1368 futurarum.
1029 1287 1033 1295 ’

176 1410 228 1475 28.
271 1411 327 1475 Est
348 1411 442 1495 igitur
463 1418 494 1472 et
517 1411 593 1474 clius
616 1409 803 1474 Essenorum
829 1409 926 1492 ordo,
957 1411 1008 1492 qni
1031 1409 1139 1474 iisdem
1163 1428 1235 1474 mo-

81 1519 170 1584 ribus
192 1526 223 1582 et
245 1521 326 1582 victu
350 1525 491 1604 utuntur,
522 1517 581 1582 hac
614 1536 673 1581 nna
705 1524 805 1580 antem
835 1519 866 1582 in
896 1535 932 1580 re
955 1517 992 1580 ab
1015 1518 1053 1580 iis
1080 1517 1233 1602 differunt,

83 1627 168 1708 quod
191 1628 416 1690 matrimonium
439 1627 546 1690 ineunt
556 1677 564 1710 ,
597 1645 663 1689 cum
694 1625 797 1688 dicant
825 1624 938 1708 aliquid
968 1626 1100 1690 immane
1128 1626 1273 1698 lacerem

82 1753 155 1819 eos,
180 1738 231 1818 qui
256 1736 479 1798 matrimonium
503 1733 740 1818 abnegaverint3
772 1735 802 1795 in
836 1733 916 1796 ritae
945 1733 1099 1796 interitum
1122 1732 1151 1796 id
1175 1751 1232 1796 ce·

83 1841 176 1928 dere,
200 1861 302 1926 neque
325 1859 396 1905 esse
420 1841 622 1904 excidendam
645 1840 812 1905 liberorum
835 1843 1065 1906 successionem
1088 1842 1232 1905 dictitan-

81 1957 146 2034 tes,
170 1968 258 2034 cum,
282 1953 306 2014 si
327 1967 436 2013 omnes
458 1949 539 2012 idem
564 1951 734 2032 sentirent,
764 1948 854 2012 lacile
882 1948 1079 2012 excideretur
1102 1951 1229 2013 univer·

80 2077 147 2122 sum
177 2078 276 2144 genus
307 2057 472 2122 ltominum.
532 2059 662 2121 Tentant
694 2064 795 2121 tamen
828 2075 886 2140 per
912 2057 1076 2122 triennium
1111 2066 1231 2141 nuptas,

81 2187 152 2232 cum
176 2175 278 2232 autem
307 2177 355 2232 ter
384 2175 534 2252 purgatae
568 2171 643 2252 sint,
677 2167 715 2232 ad
749 2166 988 2250 explorandum,
1017 2187 1087 2232 num
1118 2188 1270 2252 parerem

79 2277 215 2360 possint,
247 2279 288 2340 ita
316 2294 371 2340 eas
399 2279 430 2338 in
458 2275 681 2339 matrimonium
712 2275 835 2340 ducunt.
892 2276 965 2340 (lum
999 2275 1135 2360 grandis
1163 2297 1229 2341 rem

80 2403 143 2448 non
170 2384 300 2468 iubent,
330 2383 530 2448 ostendentes
562 2403 597 2448 sc
630 2401 692 2447 non
729 2385 892 2466 voluptatis
928 2403 1038 2449 caussa
1070 2387 1230 2450 matrimo-

78 2494 162 2558 nium
184 2493 281 2577 inire,
303 2493 358 2557 aed
382 2499 510 2574 propter
530 2491 694 2556 liberorum
717 2509 814 2555 usum.
875 2492 969 2557 Simili
999 2500 1100 2557 autem
1133 2494 1226 2557 modo

79 2603 169 2666 etiam
205 2603 348 2665 mulieres
383 2601 546 2663 abluuntur
588 2603 674 2682 ipsae
714 2618 838 2683 quoquc
879 2609 966 2664 reste
1001 2601 1127 2666 indutae
1162 2602 1227 2665 lin-

78 2716 144 2786 tea,
167 2710 256 2773 sicuti
280 2711 336 2773 viri
359 2710 535 2791 perizoniis.
579 2709 663 2772 ilaec
687 2709 779 2793 igitur
799 2719 887 2790 sont,
910 2727 990 2792 quae
1018 2709 1056 2774 ad
1086 2709 1261 2786 Essenosao

79 2825 231 2881 sectant.

97 2835 115 2899 Ρ
166 2927 224 2989 Atti
248 2932 348 2988 autem
374 2932 404 2987 et
426 2925 483 3005 ipsi
505 2921 687 2987 ludaeorum
713 2941 816 2988 mores
839 2924 945 2989 colunt
974 2930 1006 2988 et
1035 2925 1137 3008 quoad
1162 2946 1223 3011 ge·
1292 2925 1295 2932 '

76 3173 184 3254 φιμοῖν
205 3165 464 3253 ἅπαφθέγμασιν
492 3164 847 3252 ἐμπαιδοτριβούμενοι,
878 3166 1076 3258 desciscendi
1097 3169 1129 3231 εἴ
1148 3189 1224 3232 ποτε

74 3276 111 3341 ἐν
129 3286 198 3353 ταῖς
220 3276 487 3362 προαγορεύσεσιν
508 3273 743 3361 ἅστοχήσονσιν.

164 3385 212 3452 13.
251 3385 333 3448 Ἔστι
362 3382 398 3447 dd
428 3387 483 3446 sal
510 3385 615 3467 ἕτερον
637 3381 795 3468 Ἐσσηνῶν
817 3381 940 3465 τάγμα,
973 3382 1140 3448 δδίοιιταν
1160 3386 1221 3466 μὲν

75 3498 127 3558 καὶ
149 3493 213 3579 ἔθη
244 3497 299 3558 καὶ
320 3493 442 3576 νόμιμα
473 3502 554 3566 τοῖς·
570 3489 681 3566 ἄλλοις
709 3487 932 3576 ὁμοφρονοῦν,
967 3489 1087 3566 διεστὸς
1115 3490 1151 3556 dd
1182 3497 1220 3581 τῇ

74 3602 153 3666 κατὰ
174 3601 280 3685 νόμον
301 3599 391 3691 δόξῃ.
434 3602 596 3680 Μέγιστον
617 3599 679 3682 γὰρ
702 3596 897 3662 ἀποκόπτειν
925 3601 1046 3663 οἴονται
1067 3603 1123 3664 τοῦ
1144 3601 1218 3682 dioc

74 3712 183 3796 μέρος,
206 3711 262 3794 τὴν
283 3707 456 3794 διαδοχήν,
479 3708 552 3783 τοὺς
572 3707 615 3792 μὴ
635 3709 833 3790 γαμοῦντας,
854 3705 981 3789 μᾶλλον
1002 3706 1057 3785 δέ,
1080 3708 1110 3772 ai
1131 3709 1218 3772 ποίν-

74 3825 127 3892 τες·
139 3816 174 3880 cd
197 3814 274 3880 adad
297 3817 502 3902 φρονήσειαν,
525 3813 667 3880 ἐκλιπεῖν
689 3813 837 3878 ἅπαντι)
858 3817 949 3895 γένος
970 3815 1109 3898 τάχιστα.
1153 3823 1217 3882 Ao-

74 3922 250 4007 κιμάζσντες
270 3925 377 4006 μέντοι
399 3925 514 4009 τριετίᾳ
534 3923 592 3998 τὰς
612 3920 752 4006 γαμετάς
757 3971 768 4000 ,
791 3921 926 3987 ἐπειδὰν
946 3928 1011 4007 τρὶς
1031 3927 1218 4010 καθαρθῶ-

75 4051 122 4096 σιν
144 4031 189 4106 ete
209 4041 326 4115 πεῖραν
347 4033 402 4095 τοῦ
425 4028 593 4095 δύνασθαι
615 4032 735 4106 τίκτειν,
759 4027 858 4105 οὕτως
882 4031 1024 4112 ἄγονται.
1078 4037 1158 4108 Ταῖς
1180 4032 1216 4098 δὲ

73 4139 238 4222 ἐγκύμοσιν
260 4135 320 4220 οὐχ
342 4131 525 4222 ὁμιλοῦσιν,
550 4136 785 4220 ἐκδεικνύμενοι
804 4137 839 4202 τὸ
860 4140 904 4224 μὴ
927 4137 967 4203 δι’
988 4135 1107 4224 ἡδονὴν
1128 4138 1215 4203 ἀλλὰ

74 4249 187 4311 τέκνων
208 4249 318 4332 χρείαν
338 4255 461 4328 γαμεῖν.
505 4245 635 4330 Accepit
658 4244 694 4310 δὲ
715 4256 784 4322 ταῖς
805 4248 950 4326 γυναιξὶν
976 4245 1215 4331 ἀμπεχομέναις

74 4501 178 4556 [καιτοι
200 4519 233 4556 ex
251 4499 371 4575 losepho
394 4501 501 4574 expleta
618 4501 662 4558 68.
688 4497 835 4578 ἔπε’νδομα]
855 4501 899 4555 ἐπ’
919 4499 1006 4558 ἕναΰ
1115 4507 1159 4562 dli.
1181 4510 1212 4564 ut

74 4590 203 4650 outCM
316 4595 362 4652 70.
382 4591 530 4662 depretiet}
646 4597 691 4650 tt.
712 4596 792 4665 idcir]
812 4591 940 4650 madri}
