3052 4984
503 317 723 378 tncnatttntt.
747 318 891 378 NOETUS.
1223 312 1286 378 439

142 489 175 551 in
195 487 351 570 hypocrisi
377 487 563 569 loquentium
594 475 799 552 mendacium
820 492 851 550 ct
878 487 1083 552 couteriotum
1111 487 1286 552 habentium

141 614 230 660 suum
260 595 495 678 conscientium,
534 596 759 678 prohibentium
793 595 930 672 nubere,
964 594 1120 660 obstinere
1150 615 1172 660 o
1200 597 1288 673 cibis,

142 719 220 784 quos
252 703 327 766 mus
366 703 487 766 crcooit
517 703 561 766 od
585 705 819 785 percipiendum
854 723 923 766 cum
957 705 1131 784 pretiorum
1166 705 1287 768 achone

139 810 284 892 fidelihus
307 817 337 874 et
364 809 412 874 his
442 811 494 892 qui
521 806 932 892 copnooorunt‘oeritotem,
961 812 1036 894 puio
1064 811 1161 872 omnis
1192 831 1287 874 creo-

143 925 217 981 turo
238 920 289 982 dei
305 917 387 981 hono
400 926 432 981 et
449 918 528 981 nihil
546 920 758 1000 reiciendum,
781 921 863 1003 quod
884 938 952 982 cum
973 923 1147 999 pretiorum
1168 920 1327 982 actioneat

141 1027 332 1108 percipitur:
364 1026 578 1106 sonctiticotur
610 1028 691 1088 enim
721 1045 780 1108 per
812 1024 938 1090 uerbum
968 1023 1019 1087 dei
1049 1031 1080 1087 et
1108 1025 1288 1086 orationem.

143 1113 260 1194 ldonca
293 1131 387 1214 igitur
416 1129 494 1193 haec
524 1147 587 1192 vox
625 1129 708 1194 beati
737 1129 819 1194 Pauli
849 1130 887 1194 ιιι]
921 1127 1103 1193 salutandos
1131 1145 1203 1213 cos,
1237 1129 1289 1212 qui

145 1235 184 1300 ad
221 1237 303 1302 hunc
333 1235 456 1300 modum
490 1237 581 1300 vitam
615 1244 711 1321 agunt
741 1247 772 1302 et
804 1256 840 1301 sc
874 1239 972 1302 iustos
1003 1239 1133 1320 iactant,
1166 1242 1200 1298 ut
1229 1236 1289 1299 dc-

144 1353 332 1408 monstretur
369 1345 430 1408 hoo
471 1363 596 1427 quoquc
631 1363 702 1409 essa
741 1345 897 1411 haeresin.
954 1345 1007 1410 Sin
1038 1363 1114 1408 vcro
1148 1351 1178 1408 et
1210 1343 1289 1409 alins

146 1452 295 1534 quaedam
324 1451 472 1516 haereses
505 1453 694 1535 appellantur
721 1451 901 1538 Cainorum,
930 1453 1109 1537 Ophitarum
1132 1451 1180 1516 val
1203 1451 1313 1520 Noa-1

146 1560 294 1626 obitorum
335 1569 365 1624 et
397 1560 586 1642 reliquorum
620 1560 810 1646 huiusmodi,
849 1561 930 1626 haud
965 1558 1174 1625 necessarium
1211 1561 1290 1624 duco

146 1687 228 1752 quac
250 1668 287 1732 alt
313 1669 357 1731 eis
381 1667 457 1732 diota
488 1667 539 1730 vcl
572 1665 651 1732 lacta
681 1677 749 1732 sunt
782 1685 958 1754 exponere,
987 1689 1028 1732 ne
1059 1669 1188 1733 forsitan
1219 1667 1290 1733 ideo

146 1785 245 1841 semet
275 1776 394 1858 aliquos
427 1773 477 1839 vcl
506 1775 602 1838 verbo
636 1773 746 1860 dignos
777 1777 961 1839 existiment.
1012 1777 1162 1854 Quoniam
1191 1782 1291 1840 autem

148 1895 178 1951 at
201 1903 254 1970 ea,
278 1904 358 1966 quae
387 1883 426 1949 od
454 1881 512 1947 hos
535 1887 706 1965 portinent,
738 1882 882 1948 sulficere
909 1883 1072 1970 ridentur,
1100 1892 1315 1952 transeamust

147 1995 184 2058 ml
218 2011 302 2078 eam,
333 2011 413 2075 quac
442 1993 583 2056 omnibus
615 1992 764 2056 malorum
794 2011 887 2058 causa
919 1994 1038 2078 extitit,
1071 1993 1290 2058 Notitianorum

147 2100 307 2188 haeresin,
339 2102 469 2183 eiusque
492 2099 596 2164 radica
620 2097 763 2182 explicita
787 2109 818 2164 et
840 2117 984 2174 veneno,
1011 2100 1093 2184 quod
1124 2101 1205 2166 intus
1235 2108 1301 2186 est,-

147 2208 310 2274 mnniicsto
341 2208 570 2292 demonstrato,
601 2217 804 2272 ootrccamus
831 2226 848 2271 a
878 2207 931 2274 tali
959 2227 1067 2273 errorc
1095 2225 1167 2293 eos,
1198 2209 1292 2290 quia

146 2317 282 2382 violento
304 2317 412 2399 spiritu
436 2319 535 2382 instar
556 2317 702 2381 torrentis
725 2313 887 2379 ducuntur,

305 2814 638 2894 nnFUtnttottts
664 2811 843 2888 OMNIUM
871 2811 1137 2888 Hnnssasttttt

585 2957 697 3024 LIBER
727 2955 869 3022 NONUS.

237 3257 266 3323 l.
311 3257 395 3322 llaec
413 3260 517 3323 insunt
546 3261 576 3323 in
606 3275 690 3321 nono
719 3255 798 3318 libro
832 3249 1024 3316 refutationis
1054 3248 1188 3312 omnium
1214 3245 1313 3346 hoc-1

149 3367 281 3432 rasium:
1304 3345 1309 3358 '

236 3475 265 3536 2.
310 3474 466 3547 Quianam
494 3473 533 3535 sit
562 3471 653 3535 Nocti
682 3467 858 3551 blasphema
893 3463 1079 3550 insipientia,
1114 3463 1166 3545 qui
1195 3462 1296 3526 Hara-

150 3584 211 3648 oliti
233 3583 359 3645 obscuri
382 3580 500 3662 placitis
524 3597 593 3644 sese
617 3579 810 3662 applicuerit,
832 3593 895 3638 non
919 3574 1039 3637 Christi.

238 3689 268 3756 3.
314 3691 350 3754 Et
380 3689 534 3770 quomodo
567 3686 709 3751 Callistus
742 3685 932 3768 Cleomenis,
963 3681 1054 3746 Nocti
1084 3679 1239 3761 discipuli,
1267 3684 1319 3741 ets

150 3798 305 3863 Theodoti
328 3797 450 3860 haeresi
473 3797 635 3860 commixta
658 3795 745 3858 aliam
768 3793 910 3856 haeresin
933 3790 1127 3873 conflaverit,
1148 3796 1179 3852 et
1197 3805 1298 3870 quae-

152 3929 219 3972 nam
244 3907 334 3970 iuerit
357 3907 423 3968 eius
445 3905 516 3969 vita.

237 4013 268 4080 l.
314 4016 442 4092 Quinam
466 4012 559 4078 luerit
578 4028 691 4076 rcccos
714 4009 865 4073 adventus
889 4005 1036 4071 mirabilis
1059 4003 1219 4068 daemonis
1242 4001 1299 4064 lil-

150 4227 245 4286 cenitts
255 4228 283 4282 in
293 4227 441 4299 Hippolytus
455 4226 510 4278 unii
518 4225 557 4278 hir
570 4242 618 4294 ops
627 4223 707 4278 hond.
720 4223 801 4280 1854.
812 4217 876 4274 vot.
884 4215 906 4272 1.
919 4235 947 4291 p.
958 4214 1011 4274 385
1023 4222 1081 4272 nol.
1117 4212 1187 4275 τινὸς
1204 4211 1298 4272 uincit

150 4321 233 4395 λόγου
251 4319 461 4393 demortuum·
478 4333 554 4388 susp.
568 4313 707 4388 Scioppius
782 4315 825 4368 16.
847 4313 889 4368 tt.
908 4311 986 4366 ἔνδον
1004 4309 1067 4364 ὄντα
1085 4307 1137 4377 lin]
1157 4306 1298 4361 tutorum

156 4415 239 4470 oiorci
251 4410 274 4468 C
285 4410 329 4480 M,
342 4411 389 4485 qui
406 4427 457 4482 pro
469 4411 552 4464 olouri
569 4423 644 4479 susp.
657 4407 738 4476 horr,
749 4406 806 4462 sira
820 4404 911 4478 potius
924 4403 974 4457 io'r.
1049 4401 1091 4457 ts.
1104 4399 1298 4471 ἐπαγομένους]

161 4508 353 4582 ἀπαγομένους
370 4503 443 4560 coni.
462 4500 492 4558 Μ
528 4495 698 4576 primori}
757 4500 784 4554 2.
802 4492 970 4570 ihiiyporC
1023 4494 1051 4550 8.
1069 4489 1256 4572 καινὴ]κενὴ(]
1270 4489 1300 4546 Μ
