3052 4984
248 342 312 410 386
356 343 598 434 (μυεῖ-τοο.)
718 355 813 414 mun
836 355 893 428 vn,
916 359 967 414 τε.

208 532 236 582 1ο
243 513 419 594 γεγονότων
446 519 500 602 τῆς
529 519 679 596 γενέσεως
700 517 891 604 δημιουργὸς
923 521 977 582 καλ
1005 517 1134 604 ποιῆτῆς
1161 518 1197 581 τό
1225 525 1330 591 νεῖκος
1359 515 1396 580 τῦ

244 617 414 707 ὀλέθριον,
444 627 498 709 τῆς
526 622 564 688 δέ
593 623 629 688 έκ
648 627 704 689 τοῦ
727 624 849 709 κόσμου
872 628 936 690 τοῦν
955 625 1130 705 γεγονότων
1159 622 1320 708 έξαγωγῆς
1341 629 1397 686 καλ

244 727 420 816 μεταβολῆς
449 734 504 794 καλ
533 731 579 806 είς
599 729 654 796 τόν
675 734 734 797 ένα
756 731 1043 807 ἀποκαταστάσεως
1066 729 1086 816 ῆ
1110 729 1221 816 φιλία·
1255 733 1327 813 περὶ
1348 724 1397 794 τόν

245 833 263 900 ό
281 833 495 923 Ἐμπεδοκλῆς
516 837 563 902 δα
584 837 668 903 έσιλν
690 837 848 904 ἀθάνατα
871 838 932 904 διίο
959 842 1014 903 καλ
1043 837 1196 925 άγεννρτα
1218 841 1273 901 καλ
1294 835 1399 924 δρχῆν

244 943 300 1007 τοῦ
321 945 476 1022 γενέσθαι
495 941 654 1030 μηδέποτε
673 944 840 1031 εἰληφότα,
864 943 1012 1026 δλλαχοῦ
1037 943 1121 1025 λέγει
1149 942 1295 1009 τοιοῦτόν
1323 963 1398 1007 τινα

208 1044 406 1136 λῦτρόπον·Ι

288 1149 309 1236 ῆ
331 1151 408 1237 γὰρ
430 1152 498 1214 καί
519 1149 649 1239 πάρος
669 1149 715 1238 ῆν
735 1175 773 1216 τε
793 1157 863 1217 καλ
884 1153 1053 1232 ἔσσεται,
1082 1149 1177 1217 οῦδέ
1197 1149 1292 1228 ποτ’,
1316 1152 1397 1228 οἵω,

288 1237 441 1302 τούτων
463 1235 701 1324 άμφοτέρων
722 1241 952 1305 κενεάσεται
974 1241 1145 1314 ἄσπετος
1165 1237 1279 1302 αλοίν.

249 1347 356 1410 Τίνων
376 1345 494 1411 τούτων
498 1375 510 1428 ,·
531 1350 587 1411 τοῦ
602 1350 724 1423 νείκους
737 1352 792 1412 καλ
806 1351 860 1434 τῆς
875 1347 1002 1435 φιλίας·
1025 1345 1066 1412 οῦ
1082 1347 1145 1433 γάρ
1158 1347 1293 1432 ἤρξαντο
1305 1345 1397 1425 γενέ-

248 1453 340 1528 σθαι,
363 1447 450 1514 άλλά
461 1455 608 1537 πρυῆσαν
624 1456 678 1516 καλ
693 1453 817 1518 ἔσονται
832 1449 883 1515 δελ
899 1450 955 1514 διά
974 1453 1030 1537 τῆν
1044 1449 1234 1537 α’γενντγσίαν
1257 1449 1395 1536 φθοράν

210 1553 416 1640 mmmm
427 1557 470 1642 μῆ
489 1554 664 1640 δυνάμενα.
696 1556 743 1621 Τδ
757 1556 794 1620 δὲ
806 1561 870 1644 πῦρ
886 1559 954 1644 [καί
966 1557 1000 1621 τό
1018 1555 1121 1644 ὕδωρ]
1143 1559 1198 1620 καλ
1219 1552 1290 1639 ῆγῆ
1305 1551 1395 1618 καλό

245 1659 307 1747 άῆρ
326 1659 509 1746 θνήσκοντα
530 1665 584 1724 καλ
606 1659 813 1743 α’ναβιοῦντα.
851 1661 948 1726 Ὀταν
962 1662 1097 1748 μὲνγὰρ
1113 1659 1273 1750 ἀποθάνῃ
1294 1662 1396 1726 ταῦτα

245 1763 311 1832 ὑπό
326 1768 380 1829 τοῦ
399 1769 521 1842 νείκους
533 1764 703 1850 γινόμενα,
727 1763 1032 1852 παραλαμβάνουσα
1053 1763 1163 1851 αὐτάῆ
1184 1764 1280 1850 φιλία
1294 1787 1395 1851 προς-

247 1870 317 1949 άγει
348 1874 402 1933 καλ
433 1872 623 1957 προστίθησι
651 1873 706 1934 καλ
734 1881 930 1954 προσοικαοτ
953 1872 996 1954 τῷ
1025 1871 1135 1948 παντί,
1167 1875 1222 1933 ίνα
1248 1871 1328 1959 μένῃ
1357 1868 1393 1932 τό

246 1982 316 2042 πᾶν
346 1979 396 2053 έν,
419 1972 483 2040 ῦπδ
514 1976 567 2058 τῆς
597 1971 707 2058 φιλίας
735 1971 786 2036 άελ
807 1972 1081 2056 διακοσμοιίμενον
1101 1973 1307 2060 μονοτρόπως
1338 1976 1396 2035 καὶ

212 2078 431 2166 θυμονοειδιῦς.
479 2077 576 2142 Ὅταν
598 2077 634 2142 δὲ
656 2077 675 2164 ῆ
699 2078 793 2164 φιλία
815 2077 850 2142 έκ
872 2077 1002 2145 πολλῶν
1022 2078 1138 2168 ποιήσῃ
1164 2079 1198 2142 τὸ
1220 2083 1256 2144 έν
1278 2081 1333 2142 καλ
1353 2077 1394 2140 τά

247 2188 462 2269 διεσπασμένα
484 2183 712 2274 προσοικεαόσρ
739 2187 781 2269 τῷ
804 2181 868 2261 ἑνί,
898 2183 1000 2248 πάλιν
1037 2185 1072 2248 τό
1105 2194 1208 2260 νείκας
1238 2184 1305 2249 α’πό
1338 2187 1395 2249 τοῦ

247 2291 318 2368 ἑνός
341 2289 476 2370 άποσπᾷ
497 2293 552 2352 καλ
573 2297 662 2353 ποιεί
679 2285 803 2365 πολλά,
824 2292 959 2354 τουτέστι
980 2293 1056 2376 πῦρ,
1080 2288 1185 2376 ῦδωρ,
1207 2294 1276 2376 γῆν,
1298 2286 1392 2376 άέρα,

246 2397 285 2462 τό
306 2397 342 2462 έκ
363 2394 483 2461 τούτων
502 2393 685 2478 γεννώμενα
707 2391 773 2480 ζῷα
786 2397 841 2457 καλ
855 2395 939 2479 φυτά
960 2399 1015 2460 καλ
1027 2394 1090 2459 ὅσα
1104 2397 1184 2480 μέρη
1202 2398 1258 2460 τοῦ
1271 2394 1394 2479 κόσμου

247 2503 475 2584 κατανοοῦμεν.
533 2503 597 2562 Καὶ
626 2501 698 2582 περὶ
724 2500 786 2579 μέν
812 2503 866 2584 τῆς
885 2502 942 2563 τοῦ
962 2499 1083 2584 κόσμου
1105 2497 1206 2576 ίδέας,
1228 2497 1328 2564 ὁποία
1349 2501 1395 2574 τίς

209 2609 331 2674 σοέστιν
351 2603 415 2670 ῦπό
436 2607 490 2689 τῆς
511 2601 622 2688 φιλίας
643 2605 855 2688 κοσμουμένη,
885 2602 968 2682 λέγει
1000 2603 1141 2668 τοιοῦτόν
1161 2624 1232 2668 τινα
1254 2603 1393 2690 τρόπον·

293 2710 348 2776 Οῦ
368 2708 444 2794 γάρ
467 2707 546 2773 α’πδ
568 2706 711 2772 κοίτοιο
734 2704 804 2771 δύο
826 2705 972 2770 κλάδοι
994 2705 1219 2788 δίσσονται,

290 2797 338 2865 οῦ
360 2794 496 2872 πόδες,
520 2793 566 2859 οδ
587 2793 666 2858 θοὰ
687 2791 856 2874 γούνατ’,
880 2791 926 2858 οδ
946 2792 1076 2879 μῆδεα
1096 2797 1263 2884 γενῆεντ
1282 2820 1315 2875 α,

291 2884 392 2950 άλλά
421 2893 592 2970 σφατρος
621 2880 686 2965 ἔην
712 2884 778 2943 καλ
808 2881 890 2957 ίσος
923 2879 1031 2945 έστλν
1060 2881 1174 2970 αὐτῷ.

253 2989 409 3055 Τοιοῦτόν
429 3011 457 3052 τι
480 2991 534 3050 καλ
558 2983 727 3049 κάλλιστον
747 2983 833 3060 ελδος
853 2987 909 3049 τοῦ
928 2984 1050 3070 κόσμου
1066 2983 1085 3072 ῆ
1102 2986 1196 3072 φιλία
1212 2985 1248 3050 έκ
1261 2984 1396 3051 πολλῦν

212 3099 285 3160 δοῦν
306 3091 529 3180 ἀπεργάζεται·
552 3089 587 3154 τό
607 3086 644 3154 δέ
666 3099 784 3167 νείκος,
807 3087 841 3154 τό
856 3093 910 3176 τῆς
927 3093 991 3154 τοῦν
1009 3089 1090 3153 κατά
1105 3092 1202 3177 μέρος
1219 3088 1396 3175 διακοσμῆ-

250 3216 328 3273 σεως
349 3199 466 3274 αἴτιον,
497 3195 533 3272 έξ
554 3193 625 3270 ένδς
647 3193 769 3260 ἐκείνου
791 3192 929 3276 άποσπᾷ
948 3197 954 3278 1
973 3199 1028 3258 καλ
1048 3191 1258 3279 άπεργάζεται
1276 3193 1396 3259 πολλά.

249 3307 313 3367 Kal
328 3301 419 3366 τοῦτό
438 3299 554 3364 έσανῦ
570 3298 650 3380 λέγει
664 3303 804 3384 περὶτῆς
823 3297 937 3363 ἑαυτοῦ
949 3297 1152 3384 γεννῆσεωςό
1168 3298 1397 3385 Ἐμπεδοκλῆς·

325 3424 751 3499 17.τόνίνα]τδλ“ν281υρρίοε.
836 3427 878 3484 18.
897 3423 1096 3499 armen.
1132 3424 1288 3500 ὓλῐοίτκρ
1305 3429 1397 3494 390,3

253 3519 295 3574 19.
314 3515 441 3594 ἀλλαχοῦ]
460 3518 527 3572 άλλολ
546 3513 618 3583 CM,
637 3517 683 3590 qui
703 3515 770 3570 ἀλλὰ
789 3515 936 3570 delendum
953 3515 1109 3582 ετλιίιτελοτ,
1128 3516 1181 3570 αἰεὶ
1197 3517 1262 3589 quid
1281 3517 1398 3572 excido-

249 3608 298 3662 rit:
327 3608 392 3681 όλλῆ
410 3627 434 3662 π
452 3609 522 3679 λέγει
539 3606 586 3662 καλ
604 3606 693 3660 τοῦτον
710 3606 754 3661 τὸν
770 3605 869 3678 τρόπον
886 3603 1031 3678 λλοοροτυι
1114 3606 1159 3662 21.
1180 3606 1225 3660 22
1248 3604 1290 3661 Cf.
1312 3624 1395 3679 ιυρτε

249 3715 276 3768 p.
287 3697 349 3761 264,
359 3698 456 3752 32³³.
472 3705 501 3751 ελ
516 3713 586 3769 quae
601 3695 640 3750 ibi
651 3695 838 3750 adnotavimus
945 3687 1067 3762 21.ῆ]ελ
1083 3689 1144 3747 CM
1210 3698 1248 3768 τε]
1264 3715 1309 3752 om
1330 3695 1397 3753 CM

247 3784 356 3859 ἔσσεται]
370 3782 473 3840 ίυταιΕ
546 3785 691 3851 οὐδέποτ’,
709 3782 970 3855 οἴω,]οῦόόπωτοίω
987 3779 1024 3837 C:
1044 3782 1175 3849 οὐδέποτ’,
1192 3783 1290 3850 οίω,Μ
1350 3787 1395 3841 22

247 3872 410 3951 κενεάτεται]
435 3875 574 3930 κενάσεται
591 3873 627 3930 C:
647 3875 797 3930 κεινιόσεται
813 3871 843 3928 Μ
849 3895 856 3927 2
879 3871 1047 3928 κεκεναίσεται
1065 3871 1203 3947 Sauppius
1275 3875 1396 3947 ἄσπετος]

249 3963 371 4033 ἄσβεστος
390 3962 411 4019 C
519 3967 563 4022 23.
583 3965 704 4038 ἤρξαντο]
724 3965 818 4038 ἤρξατο
838 3960 860 4018 C
974 3963 1018 4018 2-5.
1044 3963 1090 4016 καί
1112 3963 1139 4016 τό
1157 3961 1232 4036 ῦόωρ
1251 3981 1295 4018 σοι
1316 3960 1338 4018 C
1358 3961 1397 4021 Μ.

249 4048 291 4106 Cf.
317 4053 366 4108 lin.
391 4053 428 4108 ³2
509 4055 554 4110 26.
581 4053 729 4121 δνῆσκοντα
752 4054 800 4110 καί
824 4049 995 4128 άναβιοῦντα]
1018 4051 1165 4119 δνῆσκουσν
1188 4053 1234 4108 καί
1257 4052 1400 4123 άναβιοῦοι

249 4159 324 4214 susp.
344 4139 482 4215 Snuppius
589 4145 634 4198 29.
661 4137 904 4218 διακοσμοόμινον]
923 4140 970 4196 διὰ
995 4139 1259 4215 κοσμομοῦμινονίῖ
1350 4143 1396 4198 30.

249 4233 355 4306 ποιήσῃ]
382 4233 484 4300 ποιῆσον
505 4230 527 4289 C
634 4233 679 4289 ³1.
698 4230 889 4306 προτοικειάαῆ
916 4227 1077 4302 Roeperus:
1102 4231 1342 4305 προσοικονομῆτει
1361 4229 1397 4287 C=

251 4321 481 4395 προτοικονομὴσῆ
499 4318 529 4377 Μ
643 4323 688 4378 33.
707 4319 748 4398 τὰ]
767 4322 814 4376 καί
831 4320 861 4374 τὰ
879 4338 954 4391 susp.
975 4316 1113 4392 Sauppiun
1228 4321 1274 4376 ³5.
1299 4341 1399 4395 κοσμο-

248 4411 370 4482 μοομένη
387 4412 471 4482 λέγει,
489 4413 559 4483 λέγει
570 4408 665 4483 (niem
736 4409 854 4467 36-38.
869 4405 1030 4482 Εαιφοδοολ.
1044 4411 1241 4466 κάδω-62.
1259 4409 1400 4472 Karsten..

250 4515 304 4550 κιο.
324 4499 472 4554 348-50.
521 4497 624 4566 stein„
651 4502 698 4574 qui
718 4503 823 4558 οοΙΙοιίε
843 4497 904 4552 aliis
925 4499 1041 4554 testibus
1060 4497 1129 4555 haec
1147 4499 1185 4555 ἰλο
1204 4499 1398 4556 conformavi&
