3056 4970
594 305 815 366 ieiunantis,
1213 307 1276 372 269

133 469 228 537 cahat
259 468 392 534 docebat
421 469 578 534 exhortari
606 471 688 534 inier
709 489 745 534 se
771 469 984 554 Pythagoreos
1006 471 1155 554 colligare
1178 471 1276 536 iasci-

133 576 237 641 culum
259 579 352 642 vestis
375 576 541 660 stragulae,
563 576 624 640 hoo
645 583 693 640 est
708 586 832 659 paratos
855 595 926 642 esse
947 577 986 640 ad
1001 584 1139 641 moriem.
1171 579 1276 660 Ipsam

132 685 242 765 plodio
276 685 340 748 ooli
370 683 520 761 emulari,
553 683 660 746 irairun
691 683 846 748 hominem
873 684 1007 748 dicendo
1037 683 1101 747 noli
1134 684 1275 762 irritare3

135 789 202 872 igni
224 791 305 852 enim
328 789 434 854 similis
456 790 634 871 amiratus,
663 789 766 873 gladio
797 797 897 856 aulem
926 807 1040 854 sermo.
1089 790 1316 855 Venioulamro

133 894 200 956 noli
219 895 417 975 superpredi,
440 895 504 958 noli
525 912 649 976 parvam
673 913 739 960 rem
762 897 931 979 despicere.
975 898 1111 960 Palmam
1133 899 1167 960 ia
1187 900 1277 961 cedi-

134 999 192 1062 om
215 1001 279 1063 acii
297 1002 453 1082 planiore,
478 999 713 1066 aemulationem
736 1004 768 1067 in
791 1002 918 1067 aedibus
941 1002 1006 1067 noli
1029 1003 1184 1082 excitare;
1215 1021 1276 1084 pu-

135 1124 218 1190 gnae
247 1107 327 1170 enirn
361 1115 393 1171 et
424 1105 596 1171 discordiae
626 1116 673 1172 esi
704 1107 804 1190 palma
839 1111 970 1193 signum.
1035 1109 1063 1173 A
1090 1111 1183 1173 aedili
1213 1112 1277 1173 noli

136 1215 240 1292 edere,
262 1213 443 1278 illiberalem
466 1221 562 1278 artem
582 1216 646 1278 noli
668 1223 814 1300 tractare,
837 1234 878 1279 ne
902 1216 1020 1280 servias
1043 1216 1169 1297 corpori
1191 1215 1275 1297 quod

137 1329 186 1384 eal
208 1318 367 1405 caducum,
395 1318 452 1384 sed
474 1319 593 1384 confice
621 1321 675 1384 iibi
704 1323 816 1386 vicium
847 1341 865 1386 a
893 1323 1015 1396 linario
1050 1323 1166 1404 poteris
1195 1321 1314 1388 enimin

136 1434 169 1492 el
191 1428 277 1491 alere
300 1445 412 1509 corpus
434 1435 465 1491 ei
487 1430 616 1492 animam
640 1427 765 1492 eifieero
787 1429 956 1494 moliorem.
1010 1427 1038 1491 A
1070 1429 1170 1492 aalide
1193 1445 1277 1509 pone

137 1534 202 1596 reoli
223 1535 384 1612 mordere,
407 1551 484 1616 opes
507 1542 576 1599 iuas
598 1551 638 1597 na
660 1535 825 1618 minueris,
848 1534 903 1598 sed
926 1535 964 1598 ab
987 1535 1087 1600 reditu
1110 1536 1195 1617 vive,
1218 1553 1277 1597 cu-

136 1641 249 1706 siodilo
273 1647 374 1704 aulem
398 1658 475 1721 opes
490 1625 567 1704 'luas
588 1647 732 1721 tanquam
754 1657 864 1722 panem
887 1640 1042 1705 illibatum.
1093 1641 1187 1705 Foliis
1213 1642 1277 1706 ooli

88 1741 91 1748 '
135 1746 238 1838 cerci,
253 1747 394 1830 regimen
416 1745 500 1810 urbis
522 1764 562 1809 ne
588 1746 763 1828 acceperis,
792 1744 872 1809 labis
890 1748 969 1814 anim
982 1715 1276 1812 'carcedonium-

135 1853 281 1934 gisiraius
303 1853 355 1916 illo
378 1859 529 1933 tempore.
1272 1863 1315 1937 ¹oo

223 1956 275 2022 28.
320 1959 405 2022 liaeo
432 1959 525 2042 igilur
553 1964 584 2021 ai
611 1956 658 2022 hie
686 1957 796 2022 similia
823 1955 1008 2044 Pyihagorei
1038 1955 1168 2040 deceni,
1197 1973 1276 2040 quoa

137 2065 245 2128 imilaii
273 2063 421 2127 haeretici
450 2082 561 2149 magna
593 2064 744 2145 quaedem
773 2063 953 2144 quibusdam
986 2063 1130 2128 videniur
1162 2063 1276 2128 dicere.

136 2171 335 2235 Conditorem
365 2176 466 2234 aulem
497 2187 567 2234 esse
589 2171 800 2234 uniuersorum
825 2189 905 2253 quae
927 2171 1007 2235 lacta
1027 2177 1098 2235 suni
1120 2170 1192 2233 dicii
1212 2169 1276 2252 Py-

135 2277 287 2359 thagorea
315 2276 454 2340 doctrina
483 2293 626 2358 magnum
656 2283 847 2360 geomelrom
878 2283 909 2340 ei
944 2277 1133 2340 arithmeiam
1167 2275 1276 2358 solem,

135 2400 268 2464 eumque
300 2381 391 2444 lixum
427 2397 497 2445 esse
525 2382 558 2444 in
587 2383 733 2448 universo
764 2383 878 2448 mundo
908 2383 1001 2448 veluti
1029 2384 1061 2445 in
1094 2382 1314 2463 corporionsea

137 2489 284 2571 animam,
317 2494 350 2552 ui
383 2489 424 2551 aii
452 2486 549 2552 Plato.
603 2488 686 2571 Ignis
715 2491 796 2554 enim
823 2497 871 2554 esi
892 2489 940 2555 sol
961 2496 995 2553 ui
1017 2487 1131 2570 anima,
1162 2503 1275 2568 corpus

135 2602 239 2659 auiam
261 2599 354 2657 terra.
398 2593 544 2660 Seorsum
566 2599 666 2656 aulem
690 2595 727 2658 ab
743 2595 817 2677 igne
840 2595 913 2659 nibil
935 2611 1067 2675 unquam
1091 2594 1177 2656 cerni
1198 2609 1276 2673 pos-

135 2708 185 2765 sei
207 2717 309 2782 neque
331 2697 551 2782 comprehendi
573 2701 640 2762 sine
663 2699 766 2782 aliquo
796 2700 911 2782 solido,
944 2699 1075 2764 solidum
1104 2707 1203 2762 anien
1235 2697 1277 2760 nil

135 2807 330 2871 sineterra:
369 2805 451 2870 undo
479 2825 519 2868 ex
539 2807 612 2887 igno
642 2812 673 2870 ai
703 2813 800 2889 terra,
831 2813 904 2870 edre
932 2807 963 2868 in
991 2805 1092 2869 medio
1116 2803 1276 2885 collocato,

137 2913 216 2978 deus
238 2914 374 2978 universi
396 2912 534 2976 condidit
557 2929 679 2994 corpus.
723 2909 871 2973 Numerai
892 2915 1010 2994 autem,
1029 2911 1135 2991 inquii,
1155 2917 1184 2971 ei
1206 2926 1314 2978 me-oo

136 3022 209 3083 litun
231 3018 375 3083 mundum
401 3018 448 3082 sol
471 3019 501 3081 in
521 3018 604 3082 hunc
627 3020 693 3083 iero
722 3016 856 3081 modum.
910 3013 1041 3079 nundus
1071 3013 1198 3078 visibilis
1230 3020 1278 3076 esi

139 3145 229 3210 unus,
253 3125 292 3188 de
314 3143 375 3209 quo
399 3141 481 3188 nuno
499 3124 661 3206 loquimur.
693 3124 802 3188 Divisit
817 3121 918 3187 aulein
937 3139 1005 3186 eum
1019 3127 1162 3203 tanquam
1177 3118 1277 3182 arith·
1310 3160 1315 3169 ,

139 3233 266 3298 melicus
289 3230 412 3314 quidam
435 3238 464 3294 ei
486 3238 651 3315 geometra¹
667 3231 698 3294 in
721 3238 825 3313 partes
849 3228 1022 3294 duodecim.
1070 3228 1207 3307 Sunlquo
1229 3224 1277 3287 his

138 3337 275 3421 partibus
296 3336 439 3400 nomina:
470 3337 578 3421 Aries,
601 3337 736 3420 laurus,
759 3335 895 3416 Gemini,
918 3334 1053 3416 Cancer,
1074 3332 1148 3412 Leo,
1171 3331 1276 3415 Virgo,

137 3445 244 3525 Libra,
274 3443 435 3525 Scorpius,
467 3443 664 3526 Sapilianus,
696 3441 919 3522 Capricornus,
953 3438 1127 3522 Aquarius,
1160 3437 1274 3500 Pisces.
1284 3459 1313 3508 on

137 3551 255 3616 Rursus
285 3547 446 3612 duodecim
475 3551 603 3632 partium
634 3565 787 3630 quamque
815 3545 922 3609 dividit
949 3547 980 3609 in
1010 3552 1114 3626 paries
1142 3544 1276 3626 triginta,

139 3674 220 3739 quae
242 3656 365 3740 quidem
388 3661 458 3720 suni
480 3656 546 3720 dies
569 3656 693 3719 mensis.
737 3653 853 3718 Rursus
874 3652 998 3734 triginta
1021 3651 1151 3731 partium
1166 3666 1277 3730 quam-

139 3864 300 3938 Iioeperuae
325 3865 482 3937 διαφθορᾶς
507 3861 529 3920 C
555 3860 585 3919 il
717 3865 761 3919 92.
792 3861 833 3919 Gi.
858 3860 987 3918 Plutarch
1014 3863 1113 3927 Quaeso
1137 3859 1279 3914 llam-11²

140 3961 185 4015 91.
202 3959 255 4019 raia
269 3962 338 4028 βίων
356 3957 492 4030 ἀπόλογον
511 3953 533 4012 C
648 3957 693 4012 95.
713 3958 757 4012 96.
779 3953 877 4010 Suidaa
897 3972 919 4009 a.
938 3971 963 4008 r.
980 3951 1206 4024 ἈναξΙμανδροςε
1224 3949 1278 4004 dud

139 4049 282 4124 dicul-poco
300 4049 380 4121 ἄρτον
398 4049 436 4122 μὴ
453 4052 553 4104 iodim
641 4049 686 4104 99.
708 4047 732 4102 1.
750 4050 858 4104 ἐκείνων
875 4047 927 4100 aa'ir
938 4040 1090 4118 χρόνωνῦ
1180 4043 1207 4098 l.
1234 4061 1278 4114 ya-

96 4129 100 4139 ⁸
139 4143 271 4215 νομένων]
296 4143 449 4215 λεγομένων
467 4137 488 4196 C
505 4137 537 4196 Μ
661 4140 688 4193 'i-
718 4137 790 4206 ἥλιος
807 4139 844 4199 ὥς
860 4136 1019 4218 Roeperus:
1048 4133 1120 4204 ἥλιος
1144 4129 1181 4188 C:
1208 4131 1279 4199 ἥλιος

138 4233 185 4286 καὶ
202 4250 225 4286 a.
243 4233 259 4300 ἢ
278 4249 353 4305 aurp.
372 4230 402 4287 il
532 4231 559 4286 8.
585 4229 664 4303 σῶμα
688 4230 717 4285 ai
741 4231 776 4302 γῆ
801 4227 964 4303 Roaparua:
991 4228 1070 4300 suipra
1091 4225 1181 4290 σελήνη
1206 4219 1277 4276 cil

136 4325 327 4396 χωρισθέντων
354 4319 377 4378 C
524 4320 566 4377 15.
599 4322 640 4376 16.
666 4321 781 4394 cleopae
802 4316 825 4375 C
962 4320 1002 4374 19.
1032 4311 1067 4372 αὖ
1093 4315 1155 4384 adr]
1188 4311 1274 4368 αὐτῶν

134 4416 186 4470 nir
209 4412 232 4471 C
