<?xml version="1.0" encoding="UTF-8"?>
<!DOCTYPE html PUBLIC "-//W3C//DTD XHTML 1.0 Transitional//EN"
    "http://www.w3.org/TR/xhtml1/DTD/xhtml1-transitional.dtd">
<html xmlns="http://www.w3.org/1999/xhtml" xml:lang="en" lang="en">
 <head>
  <title>
</title>
<meta http-equiv="Content-Type" content="text/html;charset=utf-8" />
  <meta name='ocr-system' content='tesseract 3.04.00' />
  <meta name='ocr-capabilities' content='ocr_page ocr_carea ocr_par ocr_line ocrx_word'/>
</head>
<body>
  <div class='ocr_page' id='page_1' title='image "./refutationisomn00hippgoog_0481.png"; bbox 0 0 3052 4984; ppageno 0'>
   <div class='ocr_carea' id='block_1_1' title="bbox 219 223 941 306">
    <p class='ocr_par' dir='ltr' id='par_1_1' title="bbox 219 223 941 306">
     <span class='ocr_line' id='line_1_1' title="bbox 219 223 941 306; baseline -0.007 -17"><span class='ocrx_word' id='word_1_1' title='bbox 219 223 281 290; x_wconf 80' lang='grc'><strong><em>470</em></strong></span> <span class='ocrx_word' id='word_1_2' title='bbox 325 223 445 306; x_wconf 61' lang='lat' dir='ltr'><strong><em>(we.</em></strong></span> <span class='ocrx_word' id='word_1_3' title='bbox 470 225 553 304; x_wconf 67' lang='grc' dir='ltr'><strong><em>τοι.)</em></strong></span> <span class='ocrx_word' id='word_1_4' title='bbox 640 227 735 284; x_wconf 70' lang='lat' dir='ltr'><strong><em>mann</em></strong></span> <span class='ocrx_word' id='word_1_5' title='bbox 756 225 800 300; x_wconf 68' lang='lat' dir='ltr'><strong><em>tx,</em></strong></span> <span class='ocrx_word' id='word_1_6' title='bbox 827 229 874 286; x_wconf 81' lang='grc' dir='ltr'><strong><em>ιτ.</em></strong></span> <span class='ocrx_word' id='word_1_7' title='bbox 892 227 941 284; x_wconf 82' lang='grc' dir='ltr'><strong><em>ιε.</em></strong></span> 
     </span>
    </p>
   </div>
   <div class='ocr_carea' id='block_1_2' title="bbox 182 389 1448 1024">
    <p class='ocr_par' dir='ltr' id='par_1_2' title="bbox 222 369 1441 489">
     <span class='ocr_line' id='line_1_2' title="bbox 222 389 1380 479; baseline -0.001 -22"><span class='ocrx_word' id='word_1_8' title='bbox 222 397 377 458; x_wconf 87' lang='grc' dir='ltr'><strong><em>Τοῦτον</em></strong></span> <span class='ocrx_word' id='word_1_9' title='bbox 411 391 454 456; x_wconf 70' lang='grc' dir='ltr'><strong><em>δὲ</em></strong></span> <span class='ocrx_word' id='word_1_10' title='bbox 478 393 546 456; x_wconf 89' lang='grc' dir='ltr'><strong><em>τδν</em></strong></span> <span class='ocrx_word' id='word_1_11' title='bbox 577 390 696 471; x_wconf 86' lang='grc' dir='ltr'><strong><em>λόγον</em></strong></span> <span class='ocrx_word' id='word_1_12' title='bbox 729 392 777 479; x_wconf 89' lang='grc' dir='ltr'><strong><em>μή</em></strong></span> <span class='ocrx_word' id='word_1_13' title='bbox 812 389 1117 472; x_wconf 77' lang='grc' dir='ltr'><strong><em>οἷναγινώσκετε</em></strong></span> <span class='ocrx_word' id='word_1_14' title='bbox 1147 395 1271 456; x_wconf 82' lang='grc' dir='ltr'><strong><em>πᾶσιν</em></strong></span> <span class='ocrx_word' id='word_1_15' title='bbox 1307 391 1380 456; x_wconf 80' lang='grc' dir='ltr'><strong><em>α’ν-</em></strong></span> 
     </span>
    </p>

    <p class='ocr_par' dir='ltr' id='par_1_3' title="bbox 182 499 1444 696">
     <span class='ocr_line' id='line_1_3' title="bbox 218 499 1442 588; baseline -0.004 -22"><span class='ocrx_word' id='word_1_16' title='bbox 218 500 420 588; x_wconf 99' lang='grc' dir='ltr'><strong><em>θρώποις,</em></strong></span> <span class='ocrx_word' id='word_1_17' title='bbox 444 504 512 564; x_wconf 79' lang='grc' dir='ltr'><strong><em>καί</em></strong></span> <span class='ocrx_word' id='word_1_18' title='bbox 533 499 686 577; x_wconf 87' lang='grc' dir='ltr'><strong><em>ταύτας</em></strong></span> <span class='ocrx_word' id='word_1_19' title='bbox 707 502 778 578; x_wconf 78' lang='grc' dir='ltr'><strong><em>τὰς</em></strong></span> <span class='ocrx_word' id='word_1_20' title='bbox 798 501 969 576; x_wconf 77' lang='grc' dir='ltr'><strong><em>ἐντολιίς</em></strong></span> <span class='ocrx_word' id='word_1_21' title='bbox 998 499 1203 587; x_wconf 73' lang='grc' dir='ltr'><strong><em>φυλάξατε</em></strong></span> <span class='ocrx_word' id='word_1_22' title='bbox 1232 501 1381 586; x_wconf 85' lang='grc' dir='ltr'><strong><em>ἐπιμε-</em></strong></span> <span class='ocrx_word' id='word_1_23' title='bbox 1441 523 1442 561; x_wconf 82' lang='grc' dir='ltr'><strong><em>ι</em></strong></span> 
     </span>
     <span class='ocr_line' id='line_1_4' title="bbox 182 606 1380 696; baseline 0.002 -25"><span class='ocrx_word' id='word_1_24' title='bbox 182 613 309 688; x_wconf 82' lang='grc' dir='ltr'><strong><em>ιυλιῦς,</em></strong></span> <span class='ocrx_word' id='word_1_25' title='bbox 344 610 407 675; x_wconf 87' lang='grc' dir='ltr'><strong><em>δτι</em></strong></span> <span class='ocrx_word' id='word_1_26' title='bbox 436 606 482 674; x_wconf 88' lang='grc' dir='ltr'><strong><em>ού</em></strong></span> <span class='ocrx_word' id='word_1_27' title='bbox 513 608 664 686; x_wconf 79' lang='grc' dir='ltr'><strong><em>κιόντες</em></strong></span> <span class='ocrx_word' id='word_1_28' title='bbox 698 610 846 696; x_wconf 77' lang='grc' dir='ltr'><strong><em>ἄνδρες</em></strong></span> <span class='ocrx_word' id='word_1_29' title='bbox 876 607 1131 675; x_wconf 78' lang='grc' dir='ltr'><strong><em>πιστοὶούδε</em></strong></span> <span class='ocrx_word' id='word_1_30' title='bbox 1152 614 1283 676; x_wconf 87' lang='grc' dir='ltr'><strong><em>πᾶσαι</em></strong></span> <span class='ocrx_word' id='word_1_31' title='bbox 1307 633 1380 690; x_wconf 83' lang='grc' dir='ltr'><strong><em>γυ-</em></strong></span> 
     </span>
    </p>

    <p class='ocr_par' dir='ltr' id='par_1_4' title="bbox 217 717 1380 805">
     <span class='ocr_line' id='line_1_5' title="bbox 217 717 1380 805; baseline -0.003 -18"><span class='ocrx_word' id='word_1_32' title='bbox 217 731 359 795; x_wconf 87' lang='grc' dir='ltr'><strong><em>ναῖκες</em></strong></span> <span class='ocrx_word' id='word_1_33' title='bbox 380 717 516 804; x_wconf 85' lang='grc' dir='ltr'><strong><em>όρθαί.</em></strong></span> <span class='ocrx_word' id='word_1_34' title='bbox 565 723 676 783; x_wconf 85' lang='grc' dir='ltr'><strong><em>Ταῦτα</em></strong></span> <span class='ocrx_word' id='word_1_35' title='bbox 706 718 743 783; x_wconf 76' lang='grc' dir='ltr'><strong><em>δέ</em></strong></span> <span class='ocrx_word' id='word_1_36' title='bbox 775 718 851 784; x_wconf 78' lang='grc' dir='ltr'><strong><em>οῦδὲ</em></strong></span> <span class='ocrx_word' id='word_1_37' title='bbox 880 719 1067 800; x_wconf 83' lang='grc' dir='ltr'><strong><em>Αίγυτπίων</em></strong></span> <span class='ocrx_word' id='word_1_38' title='bbox 1096 724 1192 805; x_wconf 75' lang='grc' dir='ltr'><strong><em>σοφοί</em></strong></span> <span class='ocrx_word' id='word_1_39' title='bbox 1220 719 1257 784; x_wconf 89' lang='grc' dir='ltr'><strong><em>ἐν</em></strong></span> <span class='ocrx_word' id='word_1_40' title='bbox 1286 718 1380 784; x_wconf 83' lang='grc' dir='ltr'><strong><em>α’δύ-</em></strong></span> 
     </span>
    </p>

    <p class='ocr_par' dir='ltr' id='par_1_5' title="bbox 217 825 1378 916">
     <span class='ocr_line' id='line_1_6' title="bbox 217 825 1378 916; baseline 0.001 -23"><span class='ocrx_word' id='word_1_41' title='bbox 217 839 281 905; x_wconf 86' lang='grc' dir='ltr'><strong><em>τοῖς</em></strong></span> <span class='ocrx_word' id='word_1_42' title='bbox 303 828 487 914; x_wconf 76' lang='grc' dir='ltr'><strong><em>ἐχώρησαν,</em></strong></span> <span class='ocrx_word' id='word_1_43' title='bbox 521 826 600 891; x_wconf 78' lang='grc' dir='ltr'><strong><em>οῦδὲ</em></strong></span> <span class='ocrx_word' id='word_1_44' title='bbox 630 825 648 891; x_wconf 86' lang='grc' dir='ltr'><strong><em>δ</em></strong></span> <span class='ocrx_word' id='word_1_45' title='bbox 674 827 775 912; x_wconf 81' lang='grc' dir='ltr'><strong><em>σοφὸς</em></strong></span> <span class='ocrx_word' id='word_1_46' title='bbox 790 825 950 912; x_wconf 76' lang='grc' dir='ltr'><em>Ἑλλήνων</em></span> <span class='ocrx_word' id='word_1_47' title='bbox 975 827 1179 915; x_wconf 72' lang='grc' dir='ltr'><strong><em>Πυθαγόρας</em></strong></span> <span class='ocrx_word' id='word_1_48' title='bbox 1201 828 1378 916; x_wconf 75' lang='grc' dir='ltr'><strong><em>ἐχώρησεν.</em></strong></span> 
     </span>
    </p>

    <p class='ocr_par' dir='ltr' id='par_1_6' title="bbox 219 928 1448 1024">
     <span class='ocr_line' id='line_1_7' title="bbox 219 928 1448 1024; baseline -0.007 -22"><span class='ocrx_word' id='word_1_49' title='bbox 219 939 259 1002; x_wconf 62' lang='lat' dir='ltr'><strong><em>E?</em></strong></span> <span class='ocrx_word' id='word_1_50' title='bbox 280 941 341 1024; x_wconf 77' lang='grc' dir='ltr'><strong><em>γὰρ</em></strong></span> <span class='ocrx_word' id='word_1_51' title='bbox 364 937 516 1022; x_wconf 84' lang='grc' dir='ltr'><strong><em>τετυχήκει</em></strong></span> <span class='ocrx_word' id='word_1_52' title='bbox 538 935 611 1000; x_wconf 82' lang='grc' dir='ltr'><strong><em>κατ’</em></strong></span> <span class='ocrx_word' id='word_1_53' title='bbox 632 937 735 1000; x_wconf 84' lang='grc' dir='ltr'><strong><em>ἐκεῖνο</em></strong></span> <span class='ocrx_word' id='word_1_54' title='bbox 758 939 872 1023; x_wconf 77' lang='grc' dir='ltr'><strong><em>καιροῦ</em></strong></span> <span class='ocrx_word' id='word_1_55' title='bbox 891 934 1056 1017; x_wconf 85' lang='grc' dir='ltr'><strong><em>Ἠλχασαί,</em></strong></span> <span class='ocrx_word' id='word_1_56' title='bbox 1080 939 1125 1010; x_wconf 91' lang='grc' dir='ltr'><strong><em>τίς</em></strong></span> <span class='ocrx_word' id='word_1_57' title='bbox 1149 935 1274 1024; x_wconf 80' lang='grc' dir='ltr'><strong><em>δνόγκη</em></strong></span> <span class='ocrx_word' id='word_1_58' title='bbox 1298 943 1379 1002; x_wconf 88' lang='grc' dir='ltr'><strong><em>Πυ-</em></strong></span> <span class='ocrx_word' id='word_1_59' title='bbox 1445 928 1448 994; x_wconf 81' lang='grc' dir='ltr'><strong><em>ί</em></strong></span> 
     </span>
    </p>
   </div>
   <div class='ocr_carea' id='block_1_3' title="bbox 219 1043 1379 1132">
    <p class='ocr_par' dir='ltr' id='par_1_7' title="bbox 219 994 1450 1132">
     <span class='ocr_line' id='line_1_8' title="bbox 219 1043 1379 1132; baseline 0.001 -22"><span class='ocrx_word' id='word_1_60' title='bbox 219 1047 413 1132; x_wconf 88' lang='grc' dir='ltr'><strong><em>θαγοραν</em></strong></span> <span class='ocrx_word' id='word_1_61' title='bbox 392 1071 411 1132; x_wconf 96' lang='grc' dir='ltr'><strong><em>η</em></strong></span> <span class='ocrx_word' id='word_1_62' title='bbox 437 1043 590 1131; x_wconf 83' lang='grc' dir='ltr'><strong><em>Θαλήνή</em></strong></span> <span class='ocrx_word' id='word_1_63' title='bbox 610 1044 791 1109; x_wconf 78' lang='grc' dir='ltr'><strong><em>Σόλωνα“</em></strong></span> <span class='ocrx_word' id='word_1_64' title='bbox 769 1070 788 1132; x_wconf 94' lang='grc' dir='ltr'><strong><em>η</em></strong></span> <span class='ocrx_word' id='word_1_65' title='bbox 810 1046 865 1110; x_wconf 87' lang='grc' dir='ltr'><strong><em>τὸν</em></strong></span> <span class='ocrx_word' id='word_1_66' title='bbox 887 1045 991 1129; x_wconf 82' lang='grc' dir='ltr'><strong><em>σοφόν</em></strong></span> <span class='ocrx_word' id='word_1_67' title='bbox 1009 1043 1210 1109; x_wconf 79' lang='grc' dir='ltr'><strong><em>Πλάτωυα“</em></strong></span> <span class='ocrx_word' id='word_1_68' title='bbox 1190 1071 1209 1132; x_wconf 99' lang='grc' dir='ltr'><strong><em>η</em></strong></span> <span class='ocrx_word' id='word_1_69' title='bbox 1227 1052 1281 1110; x_wconf 75' lang='grc' dir='ltr'><strong><em>καὶ</em></strong></span> <span class='ocrx_word' id='word_1_70' title='bbox 1300 1049 1379 1123; x_wconf 86' lang='grc' dir='ltr'><strong><em>τούς</em></strong></span> 
     </span>
    </p>
   </div>
   <div class='ocr_carea' id='block_1_4' title="bbox 182 1153 1457 4089">
    <p class='ocr_par' dir='ltr' id='par_1_8' title="bbox 182 1128 1457 4089">
     <span class='ocr_line' id='line_1_9' title="bbox 182 1153 1380 1240; baseline 0.005 -24"><span class='ocrx_word' id='word_1_71' title='bbox 182 1170 211 1218; x_wconf 79' lang='grc' dir='ltr'><strong><em>ιο</em></strong></span> <span class='ocrx_word' id='word_1_72' title='bbox 224 1155 357 1232; x_wconf 86' lang='grc' dir='ltr'><strong><em>λοιπούς</em></strong></span> <span class='ocrx_word' id='word_1_73' title='bbox 371 1154 532 1239; x_wconf 79' lang='grc' dir='ltr'><strong><em>Ελλήνων</em></strong></span> <span class='ocrx_word' id='word_1_74' title='bbox 554 1158 675 1240; x_wconf 83' lang='grc' dir='ltr'><strong><em>σοφούς</em></strong></span> <span class='ocrx_word' id='word_1_75' title='bbox 696 1154 891 1240; x_wconf 72' lang='grc' dir='ltr'><strong><em>μαθητεύειν</em></strong></span> <span class='ocrx_word' id='word_1_76' title='bbox 912 1153 1123 1235; x_wconf 78' lang='grc' dir='ltr'><strong><em>Αίγύπτίων“</em></strong></span> <span class='ocrx_word' id='word_1_77' title='bbox 1113 1160 1248 1238; x_wconf 86' lang='grc' dir='ltr'><strong><em>ιερεῦσιν</em></strong></span> <span class='ocrx_word' id='word_1_78' title='bbox 1265 1157 1380 1238; x_wconf 79' lang='grc' dir='ltr'><strong><em>ἔχουσι</em></strong></span> 
     </span>
     <span class='ocr_line' id='line_1_10' title="bbox 219 1263 1454 1354; baseline 0.002 -25"><span class='ocrx_word' id='word_1_79' title='bbox 219 1267 274 1352; x_wconf 88' lang='grc' dir='ltr'><strong><em>τήν</em></strong></span> <span class='ocrx_word' id='word_1_80' title='bbox 295 1265 442 1351; x_wconf 80' lang='grc' dir='ltr'><strong><em>τοιαύτην</em></strong></span> <span class='ocrx_word' id='word_1_81' title='bbox 464 1269 519 1327; x_wconf 78' lang='grc' dir='ltr'><strong><em>καὶ</em></strong></span> <span class='ocrx_word' id='word_1_82' title='bbox 539 1264 691 1350; x_wconf 79' lang='grc' dir='ltr'><strong><em>τοσαύτην</em></strong></span> <span class='ocrx_word' id='word_1_83' title='bbox 713 1267 833 1349; x_wconf 92' lang='grc' dir='ltr'><strong><em>σοφίαν</em></strong></span> <span class='ocrx_word' id='word_1_84' title='bbox 854 1265 945 1351; x_wconf 79' lang='grc' dir='ltr'><strong><em>παρὰ</em></strong></span> <span class='ocrx_word' id='word_1_85' title='bbox 963 1263 1205 1354; x_wconf 40' lang='grc' dir='ltr'><strong><em>Ἀλκιβιάδηᾎ</em></strong></span> <span class='ocrx_word' id='word_1_86' title='bbox 1183 1291 1204 1328; x_wconf 90' lang='grc' dir='ltr'><strong><em>α</em></strong></span> <span class='ocrx_word' id='word_1_87' title='bbox 1219 1291 1262 1329; x_wconf 89' lang='grc' dir='ltr'><strong><em>τω</em></strong></span> <span class='ocrx_word' id='word_1_88' title='bbox 1249 1269 1378 1331; x_wconf 79' lang='grc' dir='ltr'><strong><em>’θαυ-</em></strong></span> <span class='ocrx_word' id='word_1_89' title='bbox 1453 1330 1454 1352; x_wconf 38' lang='grc' dir='ltr'><strong><em>η</em></strong></span> 
     </span>
     <span class='ocr_line' id='line_1_11' title="bbox 220 1371 1455 1506; baseline 0.001 -67"><span class='ocrx_word' id='word_1_90' title='bbox 220 1373 408 1506; x_wconf 82' lang='grc' dir='ltr'><strong><em>μασιωτότῳ</em></strong></span> <span class='ocrx_word' id='word_1_91' title='bbox 447 1371 577 1460; x_wconf 77' lang='grc' dir='ltr'><strong><em>ἑρμηνεῖ</em></strong></span> <span class='ocrx_word' id='word_1_92' title='bbox 614 1376 670 1437; x_wconf 91' lang='grc' dir='ltr'><strong><em>τοῦ</em></strong></span> <span class='ocrx_word' id='word_1_93' title='bbox 708 1371 861 1458; x_wconf 88' lang='grc' dir='ltr'><strong><em>δυστήνου</em></strong></span> <span class='ocrx_word' id='word_1_94' title='bbox 889 1371 1065 1454; x_wconf 80' lang='grc' dir='ltr'><strong><em>’,·Ηλχασαῖ</em></strong></span> <span class='ocrx_word' id='word_1_95' title='bbox 1100 1378 1197 1438; x_wconf 87' lang='grc' dir='ltr'><strong><em>Δοκεῖ</em></strong></span> <span class='ocrx_word' id='word_1_96' title='bbox 1225 1378 1230 1460; x_wconf 74' lang='grc' dir='ltr'>Ι</span> <span class='ocrx_word' id='word_1_97' title='bbox 1263 1379 1377 1440; x_wconf 86' lang='grc' dir='ltr'><strong><em>τοίνυν</em></strong></span> <span class='ocrx_word' id='word_1_98' title='bbox 1454 1398 1455 1426; x_wconf 68' lang='grc' dir='ltr'><strong><em>ι</em></strong></span> 
     </span>
     <span class='ocr_line' id='line_1_12' title="bbox 220 1466 1457 1570; baseline 0.001 -23"><span class='ocrx_word' id='word_1_99' title='bbox 220 1481 318 1549; x_wconf 82' lang='grc' dir='ltr'><strong><em>ικανύ</em></strong></span> <span class='ocrx_word' id='word_1_100' title='bbox 348 1485 431 1547; x_wconf 82' lang='grc' dir='ltr'><strong><em>είναι</em></strong></span> <span class='ocrx_word' id='word_1_101' title='bbox 462 1484 542 1568; x_wconf 88' lang='grc' dir='ltr'><strong><em>πρδς</em></strong></span> <span class='ocrx_word' id='word_1_102' title='bbox 569 1482 741 1562; x_wconf 75' lang='grc' dir='ltr'><strong><em>ἐπίγνωσιν</em></strong></span> <span class='ocrx_word' id='word_1_103' title='bbox 772 1483 809 1546; x_wconf 82' lang='grc' dir='ltr'><strong><em>τὰ</em></strong></span> <span class='ocrx_word' id='word_1_104' title='bbox 841 1483 992 1569; x_wconf 77' lang='grc' dir='ltr'><strong><em>εἰρημένα</em></strong></span> <span class='ocrx_word' id='word_1_105' title='bbox 1023 1488 1075 1570; x_wconf 81' lang='grc' dir='ltr'><strong><em>τῆς</em></strong></span> <span class='ocrx_word' id='word_1_106' title='bbox 1102 1484 1220 1549; x_wconf 89' lang='grc' dir='ltr'><strong><em>τούτων</em></strong></span> <span class='ocrx_word' id='word_1_107' title='bbox 1249 1489 1377 1567; x_wconf 86' lang='grc' dir='ltr'><strong><em>μανίας</em></strong></span> <span class='ocrx_word' id='word_1_108' title='bbox 1455 1466 1457 1548; x_wconf 49' lang='grc' dir='ltr'><strong><em>ί</em></strong></span> 
     </span>
     <span class='ocr_line' id='line_1_13' title="bbox 221 1590 1374 1678; baseline 0.001 -20"><span class='ocrx_word' id='word_1_109' title='bbox 221 1605 285 1670; x_wconf 92' lang='grc' dir='ltr'><strong><em>τοῖς</em></strong></span> <span class='ocrx_word' id='word_1_110' title='bbox 306 1591 491 1674; x_wconf 69' lang='grc' dir='ltr'><strong><em>ὑγιαίνοντα</em></strong></span> <span class='ocrx_word' id='word_1_111' title='bbox 513 1595 592 1656; x_wconf 91' lang='grc' dir='ltr'><strong><em>νοῦν</em></strong></span> <span class='ocrx_word' id='word_1_112' title='bbox 614 1595 827 1678; x_wconf 79' lang='grc' dir='ltr'><strong><em>κεκτημένοις·</em></strong></span> <span class='ocrx_word' id='word_1_113' title='bbox 851 1590 902 1656; x_wconf 86' lang='grc' dir='ltr'><strong><em>διδ</em></strong></span> <span class='ocrx_word' id='word_1_114' title='bbox 925 1591 1048 1657; x_wconf 89' lang='grc' dir='ltr'><strong><em>πλείοσι</em></strong></span> <span class='ocrx_word' id='word_1_115' title='bbox 1071 1591 1176 1678; x_wconf 80' lang='grc' dir='ltr'><strong><em>ρητοῖς</em></strong></span> <span class='ocrx_word' id='word_1_116' title='bbox 1197 1591 1256 1658; x_wconf 85' lang='grc' dir='ltr'><strong><em>οῦκ</em></strong></span> <span class='ocrx_word' id='word_1_117' title='bbox 1279 1594 1374 1673; x_wconf 82' lang='grc' dir='ltr'><strong><em>ἔδοξε</em></strong></span> 
     </span>
     <span class='ocr_line' id='line_1_14' title="bbox 183 1700 1374 1791; baseline 0.002 -24"><span class='ocrx_word' id='word_1_118' title='bbox 183 1728 213 1777; x_wconf 74' lang='lat' dir='ltr'><strong><em>so</em></strong></span> <span class='ocrx_word' id='word_1_119' title='bbox 220 1706 379 1791; x_wconf 78' lang='grc' dir='ltr'><strong><em>χρήσθω,</em></strong></span> <span class='ocrx_word' id='word_1_120' title='bbox 414 1700 484 1766; x_wconf 87' lang='grc' dir='ltr'><strong><em>ούσι</em></strong></span> <span class='ocrx_word' id='word_1_121' title='bbox 515 1701 669 1778; x_wconf 78' lang='grc' dir='ltr'><strong><em>πλείστοις</em></strong></span> <span class='ocrx_word' id='word_1_122' title='bbox 702 1705 756 1766; x_wconf 82' lang='grc' dir='ltr'><strong><em>καί</em></strong></span> <span class='ocrx_word' id='word_1_123' title='bbox 786 1701 1037 1782; x_wconf 77' lang='grc' dir='ltr'><strong><em>καταγελάστοις.</em></strong></span> <span class='ocrx_word' id='word_1_124' title='bbox 1077 1700 1161 1766; x_wconf 73' lang='grc' dir='ltr'><strong><em>Ἀλλ’</em></strong></span> <span class='ocrx_word' id='word_1_125' title='bbox 1190 1703 1259 1768; x_wconf 75' lang='grc' dir='ltr'><strong><em>ἐπεὶ</em></strong></span> <span class='ocrx_word' id='word_1_126' title='bbox 1289 1705 1374 1790; x_wconf 84' lang='grc' dir='ltr'><strong><em>μηδὲ</em></strong></span> 
     </span>
     <span class='ocr_line' id='line_1_15' title="bbox 220 1809 1374 1900; baseline 0 -22"><span class='ocrx_word' id='word_1_127' title='bbox 220 1816 320 1878; x_wconf 90' lang='grc' dir='ltr'><strong><em>ταῦτα</em></strong></span> <span class='ocrx_word' id='word_1_128' title='bbox 341 1812 576 1897; x_wconf 84' lang='grc' dir='ltr'><strong><em>παρελείπομεν</em></strong></span> <span class='ocrx_word' id='word_1_129' title='bbox 596 1813 635 1875; x_wconf 79' lang='grc' dir='ltr'><strong><em>τοὶ</em></strong></span> <span class='ocrx_word' id='word_1_130' title='bbox 656 1810 708 1896; x_wconf 79' lang='grc' dir='ltr'><strong><em>ἐφ’</em></strong></span> <span class='ocrx_word' id='word_1_131' title='bbox 728 1809 820 1898; x_wconf 79' lang='grc' dir='ltr'><strong><em>ήμῶν</em></strong></span> <span class='ocrx_word' id='word_1_132' title='bbox 840 1811 1083 1897; x_wconf 86' lang='grc' dir='ltr'><strong><em>ἐπεγηγερμένα,</em></strong></span> <span class='ocrx_word' id='word_1_133' title='bbox 1099 1811 1140 1875; x_wconf 81' lang='grc' dir='ltr'><strong><em>τό</em></strong></span> <span class='ocrx_word' id='word_1_134' title='bbox 1151 1835 1182 1876; x_wconf 81' lang='grc' dir='ltr'><strong><em>τε</em></strong></span> <span class='ocrx_word' id='word_1_135' title='bbox 1196 1813 1259 1897; x_wconf 89' lang='grc' dir='ltr'><strong><em>πρδ</em></strong></span> <span class='ocrx_word' id='word_1_136' title='bbox 1278 1811 1374 1900; x_wconf 82' lang='grc' dir='ltr'><strong><em>ήμιῦν</em></strong></span> 
     </span>
     <span class='ocr_line' id='line_1_16' title="bbox 222 1918 1373 2007; baseline 0.003 -20"><span class='ocrx_word' id='word_1_137' title='bbox 222 1922 280 1988; x_wconf 84' lang='grc' dir='ltr'><strong><em>οῦκ</em></strong></span> <span class='ocrx_word' id='word_1_138' title='bbox 307 1922 542 2007; x_wconf 85' lang='grc' dir='ltr'><strong><em>έσιωπήσαμεν,</em></strong></span> <span class='ocrx_word' id='word_1_139' title='bbox 575 1920 678 1997; x_wconf 88' lang='grc' dir='ltr'><strong><em>δοκεῖ,</em></strong></span> <span class='ocrx_word' id='word_1_140' title='bbox 712 1925 767 1984; x_wconf 86' lang='grc' dir='ltr'><strong><em>ῖνα</em></strong></span> <span class='ocrx_word' id='word_1_141' title='bbox 798 1919 853 1984; x_wconf 81' lang='grc' dir='ltr'><strong><em>διδ</em></strong></span> <span class='ocrx_word' id='word_1_142' title='bbox 875 1921 1006 1986; x_wconf 81' lang='grc' dir='ltr'><strong><em>πάντων</em></strong></span> <span class='ocrx_word' id='word_1_143' title='bbox 1028 1918 1112 2003; x_wconf 76' lang='grc' dir='ltr'><strong><em>ὦμεν</em></strong></span> <span class='ocrx_word' id='word_1_144' title='bbox 1138 1927 1373 2007; x_wconf 80' lang='grc' dir='ltr'><strong><em>πεπορευμένοι</em></strong></span> 
     </span>
     <span class='ocr_line' id='line_1_17' title="bbox 223 2028 1373 2119; baseline 0.002 -25"><span class='ocrx_word' id='word_1_145' title='bbox 223 2032 305 2119; x_wconf 81' lang='grc' dir='ltr'><strong><em>[καί]</em></strong></span> <span class='ocrx_word' id='word_1_146' title='bbox 335 2030 437 2116; x_wconf 75' lang='grc' dir='ltr'><strong><em>μηδὲν</em></strong></span> <span class='ocrx_word' id='word_1_147' title='bbox 465 2028 689 2116; x_wconf 79' lang='grc' dir='ltr'><strong><em>α’νεκδιήγητον</em></strong></span> <span class='ocrx_word' id='word_1_148' title='bbox 717 2028 971 2112; x_wconf 73' lang='grc' dir='ltr'><strong><em>καταλείπωμεν,</em></strong></span> <span class='ocrx_word' id='word_1_149' title='bbox 1000 2029 1103 2094; x_wconf 84' lang='grc' dir='ltr'><strong><em>είπεῖν</em></strong></span> <span class='ocrx_word' id='word_1_150' title='bbox 1129 2035 1200 2094; x_wconf 87' lang='grc' dir='ltr'><strong><em>τίνα</em></strong></span> <span class='ocrx_word' id='word_1_151' title='bbox 1226 2036 1279 2094; x_wconf 81' lang='grc' dir='ltr'><strong><em>καὶ</em></strong></span> <span class='ocrx_word' id='word_1_152' title='bbox 1307 2035 1373 2096; x_wconf 75' lang='grc' dir='ltr'><strong><em>τῶν</em></strong></span> 
     </span>
     <span class='ocr_line' id='line_1_18' title="bbox 218 2137 1371 2227; baseline 0 -23"><span class='ocrx_word' id='word_1_153' title='bbox 218 2139 384 2204; x_wconf 77' lang='grc' dir='ltr'><strong><em>Ἰουδαίων</em></strong></span> <span class='ocrx_word' id='word_1_154' title='bbox 416 2139 526 2225; x_wconf 81' lang='grc' dir='ltr'><strong><em>[έθη],</em></strong></span> <span class='ocrx_word' id='word_1_155' title='bbox 561 2141 616 2202; x_wconf 73' lang='grc' dir='ltr'><strong><em>καί</em></strong></span> <span class='ocrx_word' id='word_1_156' title='bbox 647 2140 727 2212; x_wconf 87' lang='grc' dir='ltr'><strong><em>τίνες</em></strong></span> <span class='ocrx_word' id='word_1_157' title='bbox 756 2137 793 2201; x_wconf 72' lang='grc' dir='ltr'><strong><em>αἱ</em></strong></span> <span class='ocrx_word' id='word_1_158' title='bbox 820 2137 857 2202; x_wconf 82' lang='grc' dir='ltr'><strong><em>ἐν</em></strong></span> <span class='ocrx_word' id='word_1_159' title='bbox 885 2139 1005 2214; x_wconf 87' lang='grc' dir='ltr'><strong><em>τούτοις</em></strong></span> <span class='ocrx_word' id='word_1_160' title='bbox 1031 2138 1204 2224; x_wconf 89' lang='grc' dir='ltr'><strong><em>διαφοραί·</em></strong></span> <span class='ocrx_word' id='word_1_161' title='bbox 1234 2140 1278 2205; x_wconf 83' lang='grc' dir='ltr'><strong><em>ἔτι</em></strong></span> <span class='ocrx_word' id='word_1_162' title='bbox 1307 2142 1371 2227; x_wconf 78' lang='grc' dir='ltr'><strong><em>γὰρ</em></strong></span> 
     </span>
     <span class='ocr_line' id='line_1_19' title="bbox 185 2244 1373 2336; baseline 0.001 -23"><span class='ocrx_word' id='word_1_163' title='bbox 185 2253 321 2320; x_wconf 75' lang='grc' dir='ltr'><strong><em>ειταῦτα</em></strong></span> <span class='ocrx_word' id='word_1_164' title='bbox 342 2245 457 2332; x_wconf 80' lang='grc' dir='ltr'><strong><em>νομίζω</em></strong></span> <span class='ocrx_word' id='word_1_165' title='bbox 480 2245 757 2332; x_wconf 78' lang='grc' dir='ltr'><strong><em>παραλείπεσθαι,</em></strong></span> <span class='ocrx_word' id='word_1_166' title='bbox 790 2246 913 2332; x_wconf 82' lang='grc' dir='ltr'><strong><em>ῦμηδὲ</em></strong></span> <span class='ocrx_word' id='word_1_167' title='bbox 942 2244 1023 2311; x_wconf 81' lang='grc' dir='ltr'><strong><em>αύτύ</em></strong></span> <span class='ocrx_word' id='word_1_168' title='bbox 1057 2248 1220 2334; x_wconf 72' lang='grc' dir='ltr'><strong><em>σιωπήσας</em></strong></span> <span class='ocrx_word' id='word_1_169' title='bbox 1240 2247 1294 2313; x_wconf 73' lang='grc' dir='ltr'><strong><em>ἐπὶ</em></strong></span> <span class='ocrx_word' id='word_1_170' title='bbox 1315 2251 1373 2336; x_wconf 79' lang='grc' dir='ltr'><strong><em>τήν</em></strong></span> 
     </span>
     <span class='ocr_line' id='line_1_20' title="bbox 211 2353 1372 2444; baseline 0.003 -23"><span class='ocrx_word' id='word_1_171' title='bbox 211 2357 394 2444; x_wconf 71' lang='grc' dir='ltr'><strong><em>ιαἰιόδειίξιν</em></strong></span> <span class='ocrx_word' id='word_1_172' title='bbox 414 2360 470 2421; x_wconf 89' lang='grc' dir='ltr'><strong><em>τοῦ</em></strong></span> <span class='ocrx_word' id='word_1_173' title='bbox 492 2361 563 2441; x_wconf 78' lang='grc' dir='ltr'><strong><em>περὶ</em></strong></span> <span class='ocrx_word' id='word_1_174' title='bbox 593 2353 752 2442; x_wconf 75' lang='grc' dir='ltr'><strong><em>ἀληθείας</em></strong></span> <span class='ocrx_word' id='word_1_175' title='bbox 781 2354 878 2436; x_wconf 88' lang='grc' dir='ltr'><strong><em>λόγου</em></strong></span> <span class='ocrx_word' id='word_1_176' title='bbox 908 2355 1058 2443; x_wconf 88' lang='grc' dir='ltr'><strong><em>χωρήσω,</em></strong></span> <span class='ocrx_word' id='word_1_177' title='bbox 1090 2355 1178 2432; x_wconf 86' lang='grc' dir='ltr'><strong><em>ὅπως</em></strong></span> <span class='ocrx_word' id='word_1_178' title='bbox 1207 2361 1286 2440; x_wconf 72' lang='grc' dir='ltr'><strong><em>μετὰ</em></strong></span> <span class='ocrx_word' id='word_1_179' title='bbox 1314 2361 1372 2424; x_wconf 89' lang='grc' dir='ltr'><strong><em>τδν</em></strong></span> 
     </span>
     <span class='ocr_line' id='line_1_21' title="bbox 222 2464 1373 2556; baseline -0.002 -23"><span class='ocrx_word' id='word_1_180' title='bbox 222 2466 327 2533; x_wconf 84' lang='grc' dir='ltr'><strong><em>πολύν</em></strong></span> <span class='ocrx_word' id='word_1_181' title='bbox 349 2465 460 2549; x_wconf 81' lang='grc' dir='ltr'><strong><em>α’γιῦνα</em></strong></span> <span class='ocrx_word' id='word_1_182' title='bbox 480 2469 535 2530; x_wconf 90' lang='grc' dir='ltr'><strong><em>τοῦ</em></strong></span> <span class='ocrx_word' id='word_1_183' title='bbox 557 2465 637 2529; x_wconf 75' lang='grc' dir='ltr'><strong><em>κατὰ</em></strong></span> <span class='ocrx_word' id='word_1_184' title='bbox 662 2468 777 2530; x_wconf 83' lang='grc' dir='ltr'><strong><em>πασῶν</em></strong></span> <span class='ocrx_word' id='word_1_185' title='bbox 808 2464 962 2548; x_wconf 70' lang='grc' dir='ltr'><strong><em>αἱρέσεων</em></strong></span> <span class='ocrx_word' id='word_1_186' title='bbox 991 2464 1088 2546; x_wconf 91' lang='grc' dir='ltr'><strong><em>λόγου</em></strong></span> <span class='ocrx_word' id='word_1_187' title='bbox 1111 2465 1165 2530; x_wconf 78' lang='grc' dir='ltr'><strong><em>ἐπὶ</em></strong></span> <span class='ocrx_word' id='word_1_188' title='bbox 1205 2467 1286 2554; x_wconf 76' lang='grc' dir='ltr'><strong><em>[τόν]</em></strong></span> <span class='ocrx_word' id='word_1_189' title='bbox 1316 2473 1373 2556; x_wconf 76' lang='grc' dir='ltr'><strong><em>τῆς</em></strong></span> 
     </span>
     <span class='ocr_line' id='line_1_22' title="bbox 222 2572 1372 2662; baseline 0 -20"><span class='ocrx_word' id='word_1_190' title='bbox 222 2577 385 2661; x_wconf 72' lang='grc' dir='ltr'><strong><em>βασιλείας</em></strong></span> <span class='ocrx_word' id='word_1_191' title='bbox 406 2579 565 2662; x_wconf 86' lang='grc' dir='ltr'><strong><em>στέφανον</em></strong></span> <span class='ocrx_word' id='word_1_192' title='bbox 587 2573 782 2662; x_wconf 80' lang='grc' dir='ltr'><strong><em>ὁρμήσαντες</em></strong></span> <span class='ocrx_word' id='word_1_193' title='bbox 802 2572 939 2656; x_wconf 77' lang='grc' dir='ltr'><strong><em>εύσεβιῦς</em></strong></span> <span class='ocrx_word' id='word_1_194' title='bbox 967 2575 1005 2639; x_wconf 78' lang='grc' dir='ltr'><strong><em>τό</em></strong></span> <span class='ocrx_word' id='word_1_195' title='bbox 1036 2573 1147 2662; x_wconf 76' lang='grc' dir='ltr'><strong><em>ἀληθή</em></strong></span> <span class='ocrx_word' id='word_1_196' title='bbox 1176 2578 1372 2654; x_wconf 74' lang='grc' dir='ltr'><strong><em>πιστεύοντες</em></strong></span> 
     </span>
     <span class='ocr_line' id='line_1_23' title="bbox 223 2685 537 2774; baseline -0.006 -22"><span class='ocrx_word' id='word_1_197' title='bbox 223 2687 266 2774; x_wconf 84' lang='grc' dir='ltr'><strong><em>μή</em></strong></span> <span class='ocrx_word' id='word_1_198' title='bbox 288 2685 537 2772; x_wconf 84' lang='grc' dir='ltr'><strong><em>ταρασσώμεθα.</em></strong></span> 
     </span>
     <span class='ocr_line' id='line_1_24' title="bbox 186 2787 1373 2878; baseline 0.001 -19"><span class='ocrx_word' id='word_1_199' title='bbox 186 2819 216 2870; x_wconf 78' lang='lat'><strong><em>90</em></strong></span> <span class='ocrx_word' id='word_1_200' title='bbox 251 2831 260 2850; x_wconf 55' lang='grc' dir='ltr'>κ</span> <span class='ocrx_word' id='word_1_201' title='bbox 314 2795 363 2862; x_wconf 76' lang='grc'><strong><em>18.</em></strong></span> <span class='ocrx_word' id='word_1_202' title='bbox 404 2793 569 2858; x_wconf 79' lang='grc' dir='ltr'><strong><em>Ἰουδαίων</em></strong></span> <span class='ocrx_word' id='word_1_203' title='bbox 595 2794 657 2876; x_wconf 73' lang='grc' dir='ltr'><strong><em>μέν</em></strong></span> <span class='ocrx_word' id='word_1_204' title='bbox 685 2790 830 2878; x_wconf 73' lang='grc' dir='ltr'><strong><em>ἀρχῆθεν</em></strong></span> <span class='ocrx_word' id='word_1_205' title='bbox 858 2795 894 2856; x_wconf 77' lang='grc' dir='ltr'><strong><em>ἐν</em></strong></span> <span class='ocrx_word' id='word_1_206' title='bbox 914 2787 955 2877; x_wconf 88' lang='grc' dir='ltr'><strong><em>ήν</em></strong></span> <span class='ocrx_word' id='word_1_207' title='bbox 976 2793 1071 2868; x_wconf 80' lang='grc' dir='ltr'><strong><em>ἔθος·</em></strong></span> <span class='ocrx_word' id='word_1_208' title='bbox 1101 2791 1144 2868; x_wconf 87' lang='grc' dir='ltr'><strong><em>είς</em></strong></span> <span class='ocrx_word' id='word_1_209' title='bbox 1171 2793 1233 2878; x_wconf 86' lang='grc' dir='ltr'><strong><em>γδρ</em></strong></span> <span class='ocrx_word' id='word_1_210' title='bbox 1256 2791 1274 2859; x_wconf 88' lang='grc' dir='ltr'><strong><em>δ</em></strong></span> <span class='ocrx_word' id='word_1_211' title='bbox 1296 2793 1373 2860; x_wconf 90' lang='grc' dir='ltr'><strong><em>τού-</em></strong></span> 
     </span>
     <span class='ocr_line' id='line_1_25' title="bbox 223 2898 1373 2987; baseline -0.001 -18"><span class='ocrx_word' id='word_1_212' title='bbox 223 2927 287 2980; x_wconf 86' lang='grc' dir='ltr'><strong><em>τοις</em></strong></span> <span class='ocrx_word' id='word_1_213' title='bbox 309 2903 420 2979; x_wconf 73' lang='grc' dir='ltr'><strong><em>δοθείς</em></strong></span> <span class='ocrx_word' id='word_1_214' title='bbox 441 2902 532 2987; x_wconf 81' lang='grc' dir='ltr'><strong><em>παρὰ</em></strong></span> <span class='ocrx_word' id='word_1_215' title='bbox 556 2904 638 2964; x_wconf 83' lang='grc' dir='ltr'><strong><em>θεοῦ</em></strong></span> <span class='ocrx_word' id='word_1_216' title='bbox 661 2898 857 2976; x_wconf 82' lang='grc' dir='ltr'><strong><em>διδάσκαλος</em></strong></span> <span class='ocrx_word' id='word_1_217' title='bbox 879 2904 1015 2986; x_wconf 87' lang='grc' dir='ltr'><strong><em>Μωσής,</em></strong></span> <span class='ocrx_word' id='word_1_218' title='bbox 1039 2906 1094 2964; x_wconf 78' lang='grc' dir='ltr'><strong><em>καί</em></strong></span> <span class='ocrx_word' id='word_1_219' title='bbox 1113 2899 1156 2978; x_wconf 88' lang='grc' dir='ltr'><strong><em>είς</em></strong></span> <span class='ocrx_word' id='word_1_220' title='bbox 1178 2901 1196 2966; x_wconf 85' lang='grc' dir='ltr'><strong><em>δ</em></strong></span> <span class='ocrx_word' id='word_1_221' title='bbox 1219 2901 1273 2966; x_wconf 82' lang='grc' dir='ltr'><strong><em>διδ</em></strong></span> <span class='ocrx_word' id='word_1_222' title='bbox 1296 2903 1373 2968; x_wconf 86' lang='grc' dir='ltr'><strong><em>τού-</em></strong></span> 
     </span>
     <span class='ocr_line' id='line_1_26' title="bbox 223 3009 1370 3100; baseline -0.003 -21"><span class='ocrx_word' id='word_1_223' title='bbox 223 3035 278 3079; x_wconf 91' lang='grc' dir='ltr'><strong><em>του</em></strong></span> <span class='ocrx_word' id='word_1_224' title='bbox 300 3012 412 3096; x_wconf 90' lang='grc' dir='ltr'><strong><em>νόμος,</em></strong></span> <span class='ocrx_word' id='word_1_225' title='bbox 435 3014 494 3096; x_wconf 89' lang='grc' dir='ltr'><strong><em>μία</em></strong></span> <span class='ocrx_word' id='word_1_226' title='bbox 517 3009 553 3074; x_wconf 80' lang='grc' dir='ltr'><strong><em>δέ</em></strong></span> <span class='ocrx_word' id='word_1_227' title='bbox 575 3009 689 3096; x_wconf 81' lang='grc' dir='ltr'><strong><em>ἕρημος</em></strong></span> <span class='ocrx_word' id='word_1_228' title='bbox 709 3009 816 3097; x_wconf 86' lang='grc' dir='ltr'><strong><em>χώρα,</em></strong></span> <span class='ocrx_word' id='word_1_229' title='bbox 840 3012 894 3072; x_wconf 82' lang='grc' dir='ltr'><strong><em>καί</em></strong></span> <span class='ocrx_word' id='word_1_230' title='bbox 915 3013 951 3074; x_wconf 80' lang='grc' dir='ltr'><strong><em>έν</em></strong></span> <span class='ocrx_word' id='word_1_231' title='bbox 972 3010 1048 3096; x_wconf 86' lang='grc' dir='ltr'><strong><em>ὄρος</em></strong></span> <span class='ocrx_word' id='word_1_232' title='bbox 1069 3011 1103 3074; x_wconf 84' lang='grc' dir='ltr'><strong><em>ιδ</em></strong></span> <span class='ocrx_word' id='word_1_233' title='bbox 1125 3013 1222 3076; x_wconf 76' lang='grc' dir='ltr'><strong><em>Σινᾶ·</em></strong></span> <span class='ocrx_word' id='word_1_234' title='bbox 1244 3010 1288 3088; x_wconf 80' lang='grc' dir='ltr'><strong><em>ιείς</em></strong></span> <span class='ocrx_word' id='word_1_235' title='bbox 1306 3014 1370 3100; x_wconf 77' lang='grc' dir='ltr'><strong><em>γὰρ</em></strong></span> 
     </span>
     <span class='ocr_line' id='line_1_27' title="bbox 225 3116 1370 3208; baseline -0.001 -20"><span class='ocrx_word' id='word_1_236' title='bbox 225 3121 242 3188; x_wconf 87' lang='grc' dir='ltr'><strong><em>ό</em></strong></span> <span class='ocrx_word' id='word_1_237' title='bbox 265 3121 385 3197; x_wconf 86' lang='grc' dir='ltr'><strong><em>τούτοις</em></strong></span> <span class='ocrx_word' id='word_1_238' title='bbox 407 3119 627 3206; x_wconf 79' lang='grc' dir='ltr'><strong><em>νομοθετήσας</em></strong></span> <span class='ocrx_word' id='word_1_239' title='bbox 648 3118 739 3194; x_wconf 90' lang='grc' dir='ltr'><strong><em>θεός.</em></strong></span> <span class='ocrx_word' id='word_1_240' title='bbox 789 3116 899 3194; x_wconf 85' lang='grc' dir='ltr'><strong><em>Αύθις</em></strong></span> <span class='ocrx_word' id='word_1_241' title='bbox 921 3118 957 3183; x_wconf 93' lang='grc' dir='ltr'><strong><em>δε</em></strong></span> <span class='ocrx_word' id='word_1_242' title='bbox 980 3117 1147 3203; x_wconf 77' lang='grc' dir='ltr'><strong><em>διαβάντες</em></strong></span> <span class='ocrx_word' id='word_1_243' title='bbox 1172 3123 1227 3186; x_wconf 75' lang='grc' dir='ltr'><strong><em>τόν</em></strong></span> <span class='ocrx_word' id='word_1_244' title='bbox 1244 3120 1370 3208; x_wconf 80' lang='grc' dir='ltr'><strong><em>Ἰορδιί-</em></strong></span> 
     </span>
     <span class='ocr_line' id='line_1_28' title="bbox 225 3227 1371 3344; baseline -0.002 -46"><span class='ocrx_word' id='word_1_245' title='bbox 225 3255 283 3320; x_wconf 88' lang='grc' dir='ltr'><strong><em>νην</em></strong></span> <span class='ocrx_word' id='word_1_246' title='bbox 305 3232 451 3315; x_wconf 88' lang='grc' dir='ltr'><strong><em>ποταμδν</em></strong></span> <span class='ocrx_word' id='word_1_247' title='bbox 473 3233 527 3294; x_wconf 90' lang='grc' dir='ltr'><strong><em>και</em></strong></span> <span class='ocrx_word' id='word_1_248' title='bbox 547 3229 603 3316; x_wconf 82' lang='grc' dir='ltr'><strong><em>τήν</em></strong></span> <span class='ocrx_word' id='word_1_249' title='bbox 625 3227 814 3344; x_wconf 86' lang='grc' dir='ltr'><strong><em>δορύκτητον</em></strong></span> <span class='ocrx_word' id='word_1_250' title='bbox 840 3231 899 3314; x_wconf 85' lang='grc' dir='ltr'><strong><em>γήν</em></strong></span> <span class='ocrx_word' id='word_1_251' title='bbox 930 3227 1218 3317; x_wconf 86' lang='grc' dir='ltr'><strong><em>κληρονομήσαντες</em></strong></span> <span class='ocrx_word' id='word_1_252' title='bbox 1249 3230 1371 3318; x_wconf 87' lang='grc' dir='ltr'><strong><em>διαφό-</em></strong></span> 
     </span>
     <span class='ocr_line' id='line_1_29' title="bbox 188 3311 1368 3429; baseline 0.001 -25"><span class='ocrx_word' id='word_1_253' title='bbox 188 3355 289 3429; x_wconf 80' lang='grc' dir='ltr'><strong><em>υορως</em></strong></span> <span class='ocrx_word' id='word_1_254' title='bbox 309 3343 364 3406; x_wconf 85' lang='grc' dir='ltr'><strong><em>τὸν</em></strong></span> <span class='ocrx_word' id='word_1_255' title='bbox 385 3343 440 3405; x_wconf 87' lang='grc' dir='ltr'><strong><em>τοῦ</em></strong></span> <span class='ocrx_word' id='word_1_256' title='bbox 462 3342 544 3403; x_wconf 85' lang='grc' dir='ltr'><strong><em>θεοῦ</em></strong></span> <span class='ocrx_word' id='word_1_257' title='bbox 567 3336 668 3422; x_wconf 89' lang='grc' dir='ltr'><strong><em>νόμον</em></strong></span> <span class='ocrx_word' id='word_1_258' title='bbox 690 3311 889 3414; x_wconf 84' lang='grc' dir='ltr'><strong><em>διέσπασαν,</em></strong></span> <span class='ocrx_word' id='word_1_259' title='bbox 920 3337 1019 3415; x_wconf 82' lang='grc' dir='ltr'><strong><em>ἄλλος</em></strong></span> <span class='ocrx_word' id='word_1_260' title='bbox 1041 3337 1147 3414; x_wconf 85' lang='grc' dir='ltr'><strong><em>ἄλλως</em></strong></span> <span class='ocrx_word' id='word_1_261' title='bbox 1168 3339 1309 3406; x_wconf 89' lang='grc' dir='ltr'><strong><em>ἐπινοών</em></strong></span> <span class='ocrx_word' id='word_1_262' title='bbox 1329 3343 1368 3405; x_wconf 78' lang='grc' dir='ltr'><strong><em>τα</em></strong></span> 
     </span>
     <span class='ocr_line' id='line_1_30' title="bbox 225 3446 1372 3540; baseline -0.003 -22"><span class='ocrx_word' id='word_1_263' title='bbox 225 3454 394 3540; x_wconf 73' lang='grc' dir='ltr'><strong><em>εἰρημένα,</em></strong></span> <span class='ocrx_word' id='word_1_264' title='bbox 427 3454 482 3513; x_wconf 78' lang='grc' dir='ltr'><strong><em>καὶ</em></strong></span> <span class='ocrx_word' id='word_1_265' title='bbox 503 3447 602 3524; x_wconf 85' lang='grc' dir='ltr'><strong><em>οὕτως</em></strong></span> <span class='ocrx_word' id='word_1_266' title='bbox 625 3446 841 3524; x_wconf 84' lang='grc' dir='ltr'><strong><em>διδασκάλους</em></strong></span> <span class='ocrx_word' id='word_1_267' title='bbox 862 3447 985 3522; x_wconf 84' lang='grc' dir='ltr'><strong><em>ἑαυτοῖς</em></strong></span> <span class='ocrx_word' id='word_1_268' title='bbox 1010 3447 1240 3535; x_wconf 83' lang='grc' dir='ltr'><strong><em>ἐπεγείραντες,</em></strong></span> <span class='ocrx_word' id='word_1_269' title='bbox 1272 3450 1372 3529; x_wconf 87' lang='grc' dir='ltr'><strong><em>δόξας</em></strong></span> 
     </span>
     <span class='ocr_line' id='line_1_31' title="bbox 227 3553 1373 3648; baseline 0 -22"><span class='ocrx_word' id='word_1_270' title='bbox 227 3563 379 3648; x_wconf 88' lang='grc' dir='ltr'><strong><em>αιρέσεων</em></strong></span> <span class='ocrx_word' id='word_1_271' title='bbox 400 3559 586 3646; x_wconf 81' lang='grc' dir='ltr'><strong><em>ἐφευρόντες</em></strong></span> <span class='ocrx_word' id='word_1_272' title='bbox 605 3557 651 3634; x_wconf 86' lang='grc' dir='ltr'><strong><em>είς</em></strong></span> <span class='ocrx_word' id='word_1_273' title='bbox 670 3557 825 3643; x_wconf 78' lang='grc' dir='ltr'><strong><em>μερισμὸν</em></strong></span> <span class='ocrx_word' id='word_1_274' title='bbox 846 3556 1028 3642; x_wconf 88' lang='grc' dir='ltr'><strong><em>ἐχώρησαν,</em></strong></span> <span class='ocrx_word' id='word_1_275' title='bbox 1062 3553 1109 3622; x_wconf 83' lang='grc' dir='ltr'><strong><em>ιδν</em></strong></span> <span class='ocrx_word' id='word_1_276' title='bbox 1129 3559 1185 3644; x_wconf 84' lang='grc' dir='ltr'><strong><em>τήν</em></strong></span> <span class='ocrx_word' id='word_1_277' title='bbox 1207 3559 1373 3646; x_wconf 83' lang='grc' dir='ltr'><strong><em>διαφορὰν</em></strong></span> 
     </span>
     <span class='ocr_line' id='line_1_32' title="bbox 226 3665 1373 3758; baseline -0.003 -21"><span class='ocrx_word' id='word_1_278' title='bbox 226 3673 418 3758; x_wconf 84' lang='grc' dir='ltr'><strong><em>ἐκθήσομαι.</em></strong></span> <span class='ocrx_word' id='word_1_279' title='bbox 455 3670 495 3733; x_wconf 71' lang='lat' dir='ltr'><strong><em>Et</em></strong></span> <span class='ocrx_word' id='word_1_280' title='bbox 517 3668 553 3732; x_wconf 75' lang='grc' dir='ltr'><strong><em>δὲ</em></strong></span> <span class='ocrx_word' id='word_1_281' title='bbox 574 3673 629 3732; x_wconf 81' lang='grc' dir='ltr'><strong><em>καί</em></strong></span> <span class='ocrx_word' id='word_1_282' title='bbox 649 3668 694 3743; x_wconf 81' lang='grc' dir='ltr'><strong><em>είς</em></strong></span> <span class='ocrx_word' id='word_1_283' title='bbox 715 3666 848 3732; x_wconf 86' lang='grc' dir='ltr'><strong><em>πλεῖστα</em></strong></span> <span class='ocrx_word' id='word_1_284' title='bbox 867 3669 947 3753; x_wconf 86' lang='grc' dir='ltr'><strong><em>μέρη</em></strong></span> <span class='ocrx_word' id='word_1_285' title='bbox 970 3665 1216 3754; x_wconf 80' lang='grc' dir='ltr'><strong><em>διεσπάσθησαν</em></strong></span> <span class='ocrx_word' id='word_1_286' title='bbox 1243 3674 1285 3757; x_wconf 80' lang='grc' dir='ltr'><strong><em>τῷ</em></strong></span> <span class='ocrx_word' id='word_1_287' title='bbox 1307 3695 1373 3755; x_wconf 84' lang='grc' dir='ltr'><strong><em>μα-</em></strong></span> 
     </span>
     <span class='ocr_line' id='line_1_33' title="bbox 227 3776 1370 3871; baseline -0.003 -23"><span class='ocrx_word' id='word_1_288' title='bbox 227 3786 292 3871; x_wconf 78' lang='grc' dir='ltr'><strong><em>κρῷ</em></strong></span> <span class='ocrx_word' id='word_1_289' title='bbox 315 3781 436 3868; x_wconf 83' lang='grc' dir='ltr'><strong><em>χρόνῳ,</em></strong></span> <span class='ocrx_word' id='word_1_290' title='bbox 468 3777 556 3843; x_wconf 77' lang='grc' dir='ltr'><strong><em>ἄλλό</em></strong></span> <span class='ocrx_word' id='word_1_291' title='bbox 585 3803 619 3859; x_wconf 87' lang='grc' dir='ltr'><strong><em>γε</em></strong></span> <span class='ocrx_word' id='word_1_292' title='bbox 650 3778 688 3842; x_wconf 80' lang='grc' dir='ltr'><strong><em>τύ</em></strong></span> <span class='ocrx_word' id='word_1_293' title='bbox 711 3776 1014 3864; x_wconf 82' lang='grc' dir='ltr'><strong><em>κεφαλαιωδέστερα</em></strong></span> <span class='ocrx_word' id='word_1_294' title='bbox 1043 3776 1150 3842; x_wconf 82' lang='grc' dir='ltr'><strong><em>αύτιῦν</em></strong></span> <span class='ocrx_word' id='word_1_295' title='bbox 1178 3778 1370 3866; x_wconf 86' lang='grc' dir='ltr'><strong><em>ἐκθήσομαι,</em></strong></span> 
     </span>
     <span class='ocr_line' id='line_1_34' title="bbox 206 3884 1373 3974; baseline -0.003 -18"><span class='ocrx_word' id='word_1_296' title='bbox 206 3893 274 3959; x_wconf 83' lang='grc' dir='ltr'><strong><em>1δι’</em></strong></span> <span class='ocrx_word' id='word_1_297' title='bbox 297 3888 343 3956; x_wconf 85' lang='grc' dir='ltr'><strong><em>ών</em></strong></span> <span class='ocrx_word' id='word_1_298' title='bbox 365 3893 419 3954; x_wconf 79' lang='grc' dir='ltr'><strong><em>καί</em></strong></span> <span class='ocrx_word' id='word_1_299' title='bbox 439 3889 478 3953; x_wconf 83' lang='grc' dir='ltr'><strong><em>τδ</em></strong></span> <span class='ocrx_word' id='word_1_300' title='bbox 500 3888 600 3952; x_wconf 79' lang='grc' dir='ltr'><strong><em>λοιπὰ</em></strong></span> <span class='ocrx_word' id='word_1_301' title='bbox 630 3887 660 3951; x_wconf 75' lang='grc' dir='ltr'><strong><em>οἳ</em></strong></span> <span class='ocrx_word' id='word_1_302' title='bbox 692 3886 888 3972; x_wconf 77' lang='grc' dir='ltr'><strong><em>φιλομαθεῖς</em></strong></span> <span class='ocrx_word' id='word_1_303' title='bbox 917 3889 1054 3950; x_wconf 77' lang='grc' dir='ltr'><strong><em>εἴσονται</em></strong></span> <span class='ocrx_word' id='word_1_304' title='bbox 1087 3884 1234 3964; x_wconf 89' lang='grc' dir='ltr'><strong><em>εύκόλως.</em></strong></span> <span class='ocrx_word' id='word_1_305' title='bbox 1290 3892 1373 3974; x_wconf 87' lang='grc' dir='ltr'><strong><em>Τρία</em></strong></span> 
     </span>
     <span class='ocr_line' id='line_1_35' title="bbox 227 3992 1374 4089; baseline -0.007 -22"><span class='ocrx_word' id='word_1_306' title='bbox 227 4005 289 4089; x_wconf 81' lang='grc' dir='ltr'><strong><em>γὰρ</em></strong></span> <span class='ocrx_word' id='word_1_307' title='bbox 312 4024 379 4086; x_wconf 90' lang='grc' dir='ltr'><strong><em>παρ</em></strong></span> <span class='ocrx_word' id='word_1_308' title='bbox 376 3997 519 4075; x_wconf 81' lang='grc' dir='ltr'><strong><em>ἀύτοῖς</em></strong></span> <span class='ocrx_word' id='word_1_309' title='bbox 548 3997 616 4083; x_wconf 80' lang='grc' dir='ltr'><strong><em>είδη</em></strong></span> <span class='ocrx_word' id='word_1_310' title='bbox 646 3996 829 4082; x_wconf 84' lang='grc' dir='ltr'><strong><em>διαιρεῖται,</em></strong></span> <span class='ocrx_word' id='word_1_311' title='bbox 864 4019 918 4059; x_wconf 90' lang='grc' dir='ltr'><strong><em>και</em></strong></span> <span class='ocrx_word' id='word_1_312' title='bbox 945 3999 1000 4058; x_wconf 88' lang='grc' dir='ltr'><strong><em>τοῦ</em></strong></span> <span class='ocrx_word' id='word_1_313' title='bbox 1028 3999 1088 4079; x_wconf 79' lang='grc' dir='ltr'><strong><em>μὲν</em></strong></span> <span class='ocrx_word' id='word_1_314' title='bbox 1117 3992 1284 4082; x_wconf 86' lang='grc' dir='ltr'><strong><em>αιρετισται</em></strong></span> <span class='ocrx_word' id='word_1_315' title='bbox 1314 3998 1374 4062; x_wconf 84' lang='grc' dir='ltr'><strong><em>είσι</em></strong></span> 
     </span>
    </p>
   </div>
   <div class='ocr_carea' id='block_1_5' title="bbox 227 4150 1372 4417">
    <p class='ocr_par' dir='ltr' id='par_1_9' title="bbox 228 4150 1372 4417">
     <span class='ocr_line' id='line_1_36' title="bbox 301 4150 1371 4232; baseline -0.01 -15"><span class='ocrx_word' id='word_1_316' title='bbox 301 4163 371 4217; x_wconf 86' lang='grc'><strong><em>73</em></strong></span> <span class='ocrx_word' id='word_1_317' title='bbox 338 4159 573 4232; x_wconf 76' lang='grc' dir='ltr'><strong><em>Τίῖῖλχσί</em></strong></span> <span class='ocrx_word' id='word_1_318' title='bbox 592 4155 680 4216; x_wconf 75' lang='grc' dir='ltr'><strong><em>τίςᾶν</em></strong></span> <span class='ocrx_word' id='word_1_319' title='bbox 682 4155 801 4226; x_wconf 80' lang='grc' dir='ltr'><strong><em>α’κ-γη</em></strong></span> <span class='ocrx_word' id='word_1_320' title='bbox 816 4150 1251 4228; x_wconf 47' lang='grc' dir='ltr'><strong><em>ἀαΗλχσίᾘααΗλχσίιιῃᾶν</em></strong></span> <span class='ocrx_word' id='word_1_321' title='bbox 1217 4153 1371 4226; x_wconf 78' lang='grc' dir='ltr'><strong><em>ανάγκη-</em></strong></span> 
     </span>
     <span class='ocr_line' id='line_1_37' title="bbox 227 4245 1372 4329; baseline -0.01 -16.961"><span class='ocrx_word' id='word_1_322' title='bbox 227 4260 341 4329; x_wconf 80' lang='grc' dir='ltr'><strong><em>ἀαῖῖλχ</em></strong></span> <span class='ocrx_word' id='word_1_323' title='bbox 289 4261 361 4310; x_wconf 82' lang='grc' dir='ltr'><strong><em>αασί.</em></strong></span> <span class='ocrx_word' id='word_1_324' title='bbox 380 4251 452 4308; x_wconf 81' lang='lat' dir='ltr'><strong><em>CM.</em></strong></span> <span class='ocrx_word' id='word_1_325' title='bbox 492 4249 579 4306; x_wconf 84' lang='lat' dir='ltr'>Sicuti</span> <span class='ocrx_word' id='word_1_326' title='bbox 600 4265 649 4303; x_wconf 80' lang='lat' dir='ltr'><strong><em>nos</em></strong></span> <span class='ocrx_word' id='word_1_327' title='bbox 669 4249 750 4301; x_wconf 74' lang='lat' dir='ltr'>etium</span> <span class='ocrx_word' id='word_1_328' title='bbox 771 4245 914 4318; x_wconf 77' lang='lat' dir='ltr'>Roeperus</span> <span class='ocrx_word' id='word_1_329' title='bbox 935 4247 1055 4302; x_wconf 79' lang='lat' dir='ltr'><strong>coniecit</strong></span> <span class='ocrx_word' id='word_1_330' title='bbox 1211 4251 1254 4304; x_wconf 80' lang='lat'><strong><em>74.</em></strong></span> <span class='ocrx_word' id='word_1_331' title='bbox 1274 4249 1372 4319; x_wconf 75' lang='grc' dir='ltr'><strong><em>Θαλην]</em></strong></span> 
     </span>
     <span class='ocr_line' id='line_1_38' title="bbox 228 4338 1372 4417; baseline -0.013 -12"><span class='ocrx_word' id='word_1_332' title='bbox 228 4345 369 4417; x_wconf 77' lang='grc' dir='ltr'><strong><em>θαλληνί]</em></strong></span> <span class='ocrx_word' id='word_1_333' title='bbox 518 4346 563 4398; x_wconf 88' lang='grc'><strong><em>76.</em></strong></span> <span class='ocrx_word' id='word_1_334' title='bbox 584 4339 786 4417; x_wconf 69' lang='grc' dir='ltr'><strong><em>αἹΙλοίοιιόοιιι</em></strong></span> <span class='ocrx_word' id='word_1_335' title='bbox 808 4338 1030 4413; x_wconf 80' lang='grc' dir='ltr'><strong><em>εεεεριιίεῖΜι</em></strong></span> <span class='ocrx_word' id='word_1_336' title='bbox 1049 4339 1093 4394; x_wconf 78' lang='lat' dir='ltr'><strong><em>An</em></strong></span> <span class='ocrx_word' id='word_1_337' title='bbox 1113 4339 1175 4396; x_wconf 77' lang='grc' dir='ltr'><strong><em>ἅτεῖ</em></strong></span> <span class='ocrx_word' id='word_1_338' title='bbox 1328 4345 1372 4400; x_wconf 85' lang='grc'><strong><em>80,</em></strong></span> 
     </span>
    </p>
   </div>
   <div class='ocr_carea' id='block_1_6' title="bbox 228 4421 1373 4515">
    <p class='ocr_par' dir='ltr' id='par_1_10' title="bbox 228 4421 1373 4515">
     <span class='ocr_line' id='line_1_39' title="bbox 228 4421 1373 4515; baseline -0.007 -17"><span class='ocrx_word' id='word_1_339' title='bbox 228 4446 285 4515; x_wconf 81' lang='grc' dir='ltr'><strong><em>καί]</em></strong></span> <span class='ocrx_word' id='word_1_340' title='bbox 304 4441 398 4498; x_wconf 81' lang='lat' dir='ltr'>Deleri</span> <span class='ocrx_word' id='word_1_341' title='bbox 418 4439 474 4494; x_wconf 82' lang='grc' dir='ltr'><strong><em>ιιιίῖ</em></strong></span> <span class='ocrx_word' id='word_1_342' title='bbox 493 4437 636 4509; x_wconf 81' lang='lat' dir='ltr'><strong>Roeperus</strong></span> <span class='ocrx_word' id='word_1_343' title='bbox 657 4436 720 4491; x_wconf 86' lang='lat' dir='ltr'>coll.</span> <span class='ocrx_word' id='word_1_344' title='bbox 759 4433 839 4505; x_wconf 77' lang='lat' dir='ltr'><strong>Diog.</strong></span> <span class='ocrx_word' id='word_1_345' title='bbox 867 4431 957 4490; x_wconf 78' lang='lat' dir='ltr'><strong>Laert.</strong></span> <span class='ocrx_word' id='word_1_346' title='bbox 977 4431 1014 4498; x_wconf 87' lang='grc'><strong><em>11,</em></strong></span> <span class='ocrx_word' id='word_1_347' title='bbox 1032 4435 1077 4489; x_wconf 79' lang='grc'><strong><em>24.</em></strong></span> <span class='ocrx_word' id='word_1_348' title='bbox 1245 4437 1291 4491; x_wconf 84' lang='grc'><strong><em>83.</em></strong></span> <span class='ocrx_word' id='word_1_349' title='bbox 1317 4421 1373 4508; x_wconf 74' lang='grc' dir='ltr'><strong><em>καί]</em></strong></span> 
     </span>
    </p>
   </div>
   <div class='ocr_carea' id='block_1_7' title="bbox 0 0 1530 4984">
    <p class='ocr_par' dir='ltr' id='par_1_11' title="bbox 0 0 1530 4984">
     <span class='ocr_line' id='line_1_40' title="bbox 0 0 1530 4984; baseline 0 0"><span class='ocrx_word' id='word_1_350' title='bbox 0 0 1530 4984; x_wconf 95' lang='lat' dir='ltr'><strong><em> </em></strong></span> 
     </span>
    </p>
   </div>
  </div>
 </body>
</html>
