3052 4984
212 237 277 303 450
322 235 359 322 (p.
372 244 444 301 εει.
457 237 540 323 τεο.)
634 239 730 299 unna
750 239 796 314 τε,
821 243 869 298 ιο.
902 241 951 298 ιι.

211 425 289 491 ρυυ.
334 402 443 481 Οῦτως
462 403 524 489 γάρ
554 402 643 468 δοκεῖ
668 407 848 489 μοναρχίαν
880 404 1043 478 συνιστάν,
1081 403 1117 465 έν
1143 403 1198 464 καί
1218 399 1252 462 τδ
1275 393 1378 464 αῦτδ

212 511 346 599 φάσκων
366 511 521 598 ὑπάρχειν
541 515 665 597 πατέρα
698 517 751 575 καί
774 505 846 575 υἱόν
865 508 1083 592 καλεόμενον,
1106 503 1165 588 οάχ
1192 509 1305 592 ἕτερον
1333 504 1380 581 έξ

174 617 335 703 εοέτέρου,
359 615 429 682 ἀλλ’
452 615 550 682 αδτδν
578 618 614 694 έξ
642 611 782 692 ἑαυτοῦ,Ι
797 614 929 700 ὀνόματι
957 619 1017 698 μὲν
1042 615 1167 697 πατέρα
1195 617 1250 676 καὶ
1283 608 1381 674 υἱὸν

210 725 409 809 καλεόμενον
430 725 508 789 κατά
532 725 657 811 χρόνων
677 723 813 809 τροπήν,
836 726 895 788 ένα
917 722 954 787 δέ
975 722 1057 788 εἶναι
1080 725 1190 786 τοῦτον
1209 719 1264 784 τὸν
1286 740 1381 804 φα-

209 837 303 900 νέντα
325 838 380 898 καί
399 835 522 914 γένεσιν
542 831 578 896 έκ
600 833 770 919 παρθένου
793 826 1009 913 ὑπομείναντα
1029 835 1084 892 καὶ
1105 827 1141 892 ἐν
1163 825 1379 911 ἀνθρώποις
1479 813 1480 874 Ϊ

209 938 391 1024 ἄνθρωπον
412 937 675 1026 ἀναστραφέντα,
705 935 778 1004 υἱόν
797 940 857 1021 μέν
878 934 992 1000 ἑαυτὸν
1012 947 1077 1011 τοῖς
1097 934 1215 1020 ὁρῶσιν
1236 931 1380 1017 ῦμολο-
1479 913 1480 928 ’

208 1048 325 1125 γοῦντα
347 1043 404 1108 διὰ
424 1045 479 1131 τὴν
501 1047 672 1131 γενομένην
699 1048 836 1126 γένεσιν,
870 1047 995 1131 πατέρα
1027 1041 1062 1108 δὲ
1090 1044 1174 1108 είναι
1202 1045 1258 1107 καὶ
1290 1049 1379 1114 τοῖς

174 1178 203 1230 οη
209 1155 367 1236 χωροῦσιν
386 1153 430 1238 μὴ
451 1149 700 1238 ἀποκρύψαντα.
747 1155 868 1218 Τοῦτον
889 1151 994 1216 πάθει
1016 1151 1112 1228 ξόλου
1128 1151 1375 1236 προσπαγέντα

210 1264 265 1325 καί
285 1258 388 1348 ἑαυτῷ
409 1260 444 1324 τό
465 1263 592 1343 πνεῦμα
614 1259 820 1346 παραδόντα,
843 1258 1058 1325 ἀποθανόντα
1081 1264 1136 1324 καί
1154 1257 1199 1344 μη
1217 1255 1375 1322 ἀποθα-

211 1367 324 1444 νόντα,
347 1372 401 1430 καί
423 1365 537 1432 ἑαυτόν
558 1371 594 1458 τῇ
615 1370 698 1458 τρίτη
729 1365 833 1454 ἡμέρᾳ
863 1365 1104 1452 ἀναστήσαντα,
1133 1367 1188 1430 τόν
1217 1364 1252 1428 έν
1272 1385 1373 1447 μνη·

210 1477 288 1560 μείφ
310 1477 451 1561 ταφέντα
474 1480 529 1539 καὶ
550 1474 646 1566 λόγχη
668 1479 832 1561 τρωθέντα
853 1480 908 1538 καὶ
923 1473 1011 1558 η’λοις
1028 1474 1260 1554 καταπαγέντα,
1279 1473 1369 1534 τοῦ-

210 1603 265 1648 τον
285 1581 340 1646 τόν
360 1585 424 1646 τῶν
445 1581 532 1647 δλων
553 1582 636 1648 θεὸν
656 1586 711 1647 καί
732 1584 856 1667 πατέρα
885 1581 969 1646 είναι
997 1580 1076 1661 λέγει
1100 1579 1277 1663 Κλεομένης
1300 1580 1368 1640 καὶ

173 1687 231 1754 τοῦ
253 1688 363 1754 τοῦτου
384 1690 494 1774 χορός,
517 1687 746 1776 Ἡρακλείτειον
768 1689 876 1765 σκότος
897 1690 1115 1772 ἐπεισάγοντες
1135 1684 1276 1758 πολλοῖς.

285 1796 349 1870 Ι11.
398 1796 523 1882 Ταύτην
555 1800 610 1884 την
644 1803 766 1884 αίρεσιν
794 1796 944 1883 ἐκράτυνε
979 1795 1170 1870 Κάλλιστος,
1205 1791 1286 1876 ἀνηρ
1319 1789 1366 1854 έν

211 1906 308 1984 κακίᾳ
335 1905 518 1987 πανοῦργος
546 1910 600 1968 καί
627 1904 770 1981 ποικίλος
798 1909 880 1992 πρός
907 1904 1052 1990 πλάνην,
1083 1899 1272 1988 θηρώμενος
1301 1896 1365 1961 τὸν

211 2013 264 2096 τῆς
291 2010 465 2096 &uduornic
492 2011 628 2098 θρόνον.
684 2013 752 2076 Τόν
780 2016 979 2096 Ζεφυρῖνου,
1008 2009 1114 2097 ἀνδρα
1143 2007 1271 2092 ίδιιότην
1300 2009 1363 2068 καὶ
1479 2041 1480 2070 .

214 2114 423 2202 ἀγράμματον
445 2121 499 2180 καί
521 2119 656 2206 ἄπειρον
677 2122 740 2182 τῶν
760 2117 1021 2206 έκκλησιαστικοῦν
1043 2117 1127 2204 ὅρων
1134 2165 1145 2195 ,
1168 2116 1207 2181 δν
1227 2115 1363 2180 πείθων

175 2220 333 2308 τοδόμασι
354 2229 409 2288 καί
431 2222 635 2311 ἀπαιτήσεσιν
657 2223 884 2312 ἀπειρημέναις
905 2225 978 2314 ἦγεν
1000 2228 1046 2304 είς
1064 2221 1250 2307 ὅέβοόλετο,
1274 2219 1358 2284 ὄντα
1394 2283 1397 2288 ,

210 2327 418 2418 δωρσλήπτην
432 2337 486 2394 καί
507 2331 715 2419 φιλάργυρον,
737 2335 741 2420 Ι
761 2333 893 2398 ἔπειθεν
907 2329 957 2398 ἀεὶ
969 2330 1092 2406 στάσεις
1103 2327 1255 2414 ἐμβαλεῖν
1270 2324 1360 2390 ἀνα-

207 2441 307 2520 μέσων
327 2442 390 2504 τοῦν
412 2437 579 2527 ἀδελφάν,
613 2439 708 2516 αδτδς
728 2446 767 2504 τά
789 2439 956 2527 ἀμφότερα
976 2443 1056 2526 μέρη
1077 2439 1206 2524 ὕστερον
1235 2457 1359 2522 κερκω-

208 2549 309 2622 πείοις
330 2546 436 2628 λόγοις
456 2549 537 2636 πρός
564 2547 679 2614 ἑαυτοῦ
708 2549 822 2634 φιλίαν
850 2547 1104 2625 κατασκευάζων,
1135 2550 1189 2610 καί
1210 2555 1274 2620 τοῖς
1293 2545 1359 2626 μὲν
1479 2611 1480 2638 η

125 2659 127 2664 ’
210 2654 373 2740 ἀλήθειαν
400 2655 511 2742 [λέγων
539 2655 649 2744 ὅμοια]
682 2660 839 2744 φρονοῦσι
867 2661 943 2722 ποτὲ
975 2654 1049 2721 κατ’
1078 2653 1167 2719 ίδίαν
1194 2654 1233 2717 τά
1255 2651 1356 2734 ὅμοια

172 2774 343 2850 τοφρσνεῖν
365 2763 493 2851 [λέγων]
514 2762 638 2850 ἠπάτα,
661 2763 763 2828 πάλιν
784 2761 819 2828 δ’
834 2762 877 2830 αῦ
889 2775 953 2839 τοῖς
966 2763 1005 2828 τά
1027 2761 1204 2845 Σαβελλίου
1226 2759 1353 2844 ὁμοίως,

211 2872 250 2936 ῦν
272 2876 326 2936 καί
349 2871 446 2937 αὐτόν
466 2873 607 2958 ἐξέστησε
629 2871 809 2957 δυνάμενον
831 2875 1024 2958 κατορθοῦν.
1070 2870 1122 2935 Ἐν
1148 2871 1210 2956 γάρ
1232 2872 1275 2955 τῷ
1296 2857 1357 2953 ἀφ’

210 2977 301 3064 ἡμῶν
323 2981 556 3062 παραινεῖσθαι
579 2975 637 3043 οῦκ
658 2977 876 3066 έσκληρόνετο,
909 2976 1003 3064 ίηνίκα
1030 2976 1067 3041 δὲ
1090 2977 1148 3040 σῦν
1168 2978 1211 3064 τῷ
1234 2973 1357 3038 Καλλί-
1479 3029 1480 3046 ,

213 3101 273 3174 στφ
295 3083 456 3169 ἐμόναζεν,
480 3084 537 3155 ὑπ’
560 3085 659 3152 αδτυῦ
681 3084 835 3151 ἀνεσείετυ
864 3085 945 3173 πρός
971 3088 1006 3151 τό
1029 3084 1134 3169 δόγμα
1155 3086 1189 3149 τό
1214 3083 1356 3165 Κλεομέ-

212 3214 287 3270 νους
310 3193 419 3280 ῥέπειν
441 3184 621 3280 φάσκοντος
642 3195 680 3258 τά
702 3193 798 3279 ὅμοιοι
820 3205 962 3280 φρονεῖν.
1007 3193 1046 3259 ‘0
1068 3193 1104 3258 δὲ
1125 3192 1193 3258 τότε
1218 3196 1278 3277 μὲν
1297 3192 1355 3278 την

174 3318 204 3370 80
212 3306 412 3387 πανουργίαν
433 3299 532 3366 αῦτοῦ
554 3301 612 3367 οῦκ
634 3301 732 3381 ένόει,
753 3300 854 3378 αῦθις
869 3302 905 3367 δέ
919 3302 1008 3383 ἔγνω,
1027 3301 1069 3379 άις
1083 3300 1272 3389 διηγήσομαι
1286 3298 1358 3385 μετ’

212 3408 252 3475 τό
273 3408 368 3475 πολό.
411 3407 521 3476 Αδτδν
550 3408 585 3474 δὲ
617 3411 672 3475 τόν
693 3415 876 3498 Ζεφυρῖνον
902 3410 1054 3495 προάγων
1081 3409 1217 3496 δημοσίᾳ
1244 3408 1357 3474 ἔπειθε

212 3517 332 3599 λέγειν·
355 3518 430 3598 Ἐγά
454 3517 529 3583 υίδα
552 3521 610 3582 ένα
632 3518 715 3583 θεόν
742 3520 880 3605 Χριστόν
898 3517 1033 3604 Ἰησοῦν,
1063 3523 1118 3582 καί
1145 3517 1230 3603 πλὴν
1258 3514 1356 3580 αότοί

286 3761 330 3816 58.
355 3759 591 3833 ἀναστρεφόνταῦ
788 3765 831 3819 67.
857 3767 975 3828 ποικῖλος
997 3760 1019 3820 C
1168 3757 1357 3837 θηρόμενοςί]

215 3855 258 3910 68.
282 3855 336 3909 Τόν
348 3855 512 3928 Ζιφυρίνον]
526 3846 606 3916 Οδτος
617 3853 661 3908 τὸν
673 3859 827 3929 Ζεφυρῖνον
840 3853 997 3927 Roeperus:
1013 3857 1066 3909 Τὸν
1076 3855 1130 3928 γὰρ
1142 3855 1185 3910 vel
1205 3855 1258 3908 Τὸν
1266 3855 1295 3908 δι’
1306 3857 1358 3908 Z.?

216 3949 263 4003 70.
281 3947 391 4021 δόμαει]
411 3948 530 4020 δόγμασι
550 3943 570 4000 C
589 3944 617 4000 M
648 3945 820 4002 Bunsenius:
849 3949 989 4022 δωρήμασι
1016 3945 1182 4020 Bernuysiu!
1209 3948 1236 4001 in
1266 3950 1357 4002 ίίίιείιι.

215 4042 281 4095 Μαι.
302 4041 328 4094 9.
349 4057 376 4112 p.
395 4041 457 4094 249.
479 4049 536 4093 not.
556 4047 584 4094 εί
601 4036 746 4111 Βοομοευι
896 4037 1074 4118 ἀπαιτὴσισιν]
1095 4041 1266 4109 ἀπαντήσεσιν
1284 4037 1360 4094 Ber-

217 4133 329 4206 mysius
355 4133 373 4188 ί.
399 4133 420 4187 Ι.
589 4131 788 4206 ἀπειρημέναις]
816 4133 985 4208 ἀτεράμνοις,
1016 4134 1069 4188 [εἰεί
1100 4133 1171 4188 sorte
1201 4134 1360 4204 ἀπειρεσίοις

215 4221 361 4294 Roeperuu
383 4274 386 4282 ,
524 4217 538 4274 ό
557 4219 687 4298 ίβσόλειο]
707 4220 721 4275 ό
739 4223 844 4293 ῥοόλετο
864 4220 887 4278 C
1047 4225 1092 4278 7ί.
1112 4226 1156 4278 72.
1176 4223 1320 4297 ἀναμέσων
1338 4219 1360 4276 C

214 4318 259 4371 72.
279 4317 323 4372 73.
343 4311 529 4388 κερκάποιςίῖ
718 4316 763 4370 73.
794 4297 901 4378 ίανίοῦς
928 4314 1064 4388 φιλίανῦ
1113 4333 1115 4338 ·
1251 4317 1296 4370 73.
1315 4315 1359 4370 74.

213 4409 265 4482 μίν
283 4408 422 4478 ἀλάθειαν]
449 4407 500 4480 μέν
524 4410 552 4462 έν
571 4409 682 4480 ἀληθείης
703 4425 778 4479 susp.
797 4405 825 4463 M
976 4411 1021 4464 74.
1051 4410 1137 4482 λέγων
1161 4407 1254 4481 ὃμοια]
1282 4405 1362 4462 Have
