<?xml version="1.0" encoding="UTF-8"?>
<!DOCTYPE html PUBLIC "-//W3C//DTD XHTML 1.0 Transitional//EN"
    "http://www.w3.org/TR/xhtml1/DTD/xhtml1-transitional.dtd">
<html xmlns="http://www.w3.org/1999/xhtml" xml:lang="en" lang="en">
 <head>
  <title>
</title>
<meta http-equiv="Content-Type" content="text/html;charset=utf-8" />
  <meta name='ocr-system' content='tesseract 3.04.00' />
  <meta name='ocr-capabilities' content='ocr_page ocr_carea ocr_par ocr_line ocrx_word'/>
</head>
<body>
  <div class='ocr_page' id='page_1' title='image "./refutationisomn00hippgoog_0420.png"; bbox 0 0 3052 4984; ppageno 0'>
   <div class='ocr_carea' id='block_1_1' title="bbox 541 360 1303 430">
    <p class='ocr_par' dir='ltr' id='par_1_1' title="bbox 541 360 1303 430">
     <span class='ocr_line' id='line_1_1' title="bbox 541 360 1303 430; baseline 0.004 -5"><span class='ocrx_word' id='word_1_1' title='bbox 541 365 720 427; x_wconf 75' lang='lat' dir='ltr'><strong>nicolaus</strong></span> <span class='ocrx_word' id='word_1_2' title='bbox 752 367 898 429; x_wconf 74' lang='lat' dir='ltr'><strong>conbort.</strong></span> <span class='ocrx_word' id='word_1_3' title='bbox 1239 360 1303 430; x_wconf 83' lang='lat'><strong>409</strong></span> 
     </span>
    </p>
   </div>
   <div class='ocr_carea' id='block_1_2' title="bbox 161 532 1346 1798">
    <p class='ocr_par' dir='ltr' id='par_1_2' title="bbox 161 532 1343 708">
     <span class='ocr_line' id='line_1_2' title="bbox 161 532 1343 621; baseline 0.003 -22"><span class='ocrx_word' id='word_1_4' title='bbox 161 535 289 600; x_wconf 83' lang='lat' dir='ltr'><strong>diximus</strong></span> <span class='ocrx_word' id='word_1_5' title='bbox 311 533 529 599; x_wconf 85' lang='lat' dir='ltr'><strong>Theodotianis</strong></span> <span class='ocrx_word' id='word_1_6' title='bbox 550 532 703 598; x_wconf 87' lang='lat' dir='ltr'><strong>hominem</strong></span> <span class='ocrx_word' id='word_1_7' title='bbox 727 536 812 600; x_wconf 91' lang='lat' dir='ltr'><strong>aiunt</strong></span> <span class='ocrx_word' id='word_1_8' title='bbox 834 552 906 600; x_wconf 89' lang='lat' dir='ltr'><strong>esse</strong></span> <span class='ocrx_word' id='word_1_9' title='bbox 927 534 1044 621; x_wconf 91' lang='lat' dir='ltr'><strong>lesum,</strong></span> <span class='ocrx_word' id='word_1_10' title='bbox 1075 544 1105 604; x_wconf 89' lang='lat' dir='ltr'><strong>et</strong></span> <span class='ocrx_word' id='word_1_11' title='bbox 1133 538 1343 603; x_wconf 79' lang='lat' dir='ltr'><strong>secundamus</strong></span> 
     </span>
     <span class='ocr_line' id='line_1_3' title="bbox 162 641 1024 708; baseline 0 -2"><span class='ocrx_word' id='word_1_12' title='bbox 162 643 295 708; x_wconf 90' lang='lat' dir='ltr'><strong>eandem</strong></span> <span class='ocrx_word' id='word_1_13' title='bbox 316 645 466 707; x_wconf 90' lang='lat' dir='ltr'><strong>rationem</strong></span> <span class='ocrx_word' id='word_1_14' title='bbox 489 641 641 707; x_wconf 83' lang='lat' dir='ltr'><strong>Cbristum</strong></span> <span class='ocrx_word' id='word_1_15' title='bbox 664 644 694 706; x_wconf 93' lang='lat' dir='ltr'><strong>in</strong></span> <span class='ocrx_word' id='word_1_16' title='bbox 719 661 788 706; x_wconf 85' lang='lat' dir='ltr'><strong>ourn</strong></span> <span class='ocrx_word' id='word_1_17' title='bbox 813 643 1024 708; x_wconf 85' lang='lat' dir='ltr'><strong>descendisse.</strong></span> 
     </span>
    </p>

    <p class='ocr_par' dir='ltr' id='par_1_3' title="bbox 162 747 1346 1798">
     <span class='ocr_line' id='line_1_4' title="bbox 248 747 1306 832; baseline 0.002 -21"><span class='ocrx_word' id='word_1_18' title='bbox 248 747 463 812; x_wconf 78' lang='lat' dir='ltr'><strong>Gnosticorum</strong></span> <span class='ocrx_word' id='word_1_19' title='bbox 486 756 585 812; x_wconf 90' lang='lat' dir='ltr'><strong>autern</strong></span> <span class='ocrx_word' id='word_1_20' title='bbox 616 749 756 814; x_wconf 86' lang='lat' dir='ltr'><strong>diversae</strong></span> <span class='ocrx_word' id='word_1_21' title='bbox 786 755 858 811; x_wconf 92' lang='lat' dir='ltr'><strong>sunt</strong></span> <span class='ocrx_word' id='word_1_22' title='bbox 883 749 1073 832; x_wconf 89' lang='lat' dir='ltr'><strong>sententiae,</strong></span> <span class='ocrx_word' id='word_1_23' title='bbox 1102 767 1230 830; x_wconf 92' lang='lat' dir='ltr'><strong>quorum</strong></span> <span class='ocrx_word' id='word_1_24' title='bbox 1254 751 1306 813; x_wconf 90' lang='lat' dir='ltr'><strong>in·</strong></span> 
     </span>
     <span class='ocr_line' id='line_1_5' title="bbox 163 853 1305 938; baseline 0.002 -21"><span class='ocrx_word' id='word_1_25' title='bbox 163 853 271 938; x_wconf 83' lang='lat' dir='ltr'><strong>dignas</strong></span> <span class='ocrx_word' id='word_1_26' title='bbox 294 853 430 918; x_wconf 90' lang='lat' dir='ltr'><strong>arbitrati</strong></span> <span class='ocrx_word' id='word_1_27' title='bbox 453 873 557 920; x_wconf 92' lang='lat' dir='ltr'><strong>sumus</strong></span> <span class='ocrx_word' id='word_1_28' title='bbox 581 874 656 937; x_wconf 87' lang='lat' dir='ltr'><strong>quas</strong></span> <span class='ocrx_word' id='word_1_29' title='bbox 678 856 865 920; x_wconf 82' lang='lat' dir='ltr'><strong>referremus</strong></span> <span class='ocrx_word' id='word_1_30' title='bbox 888 854 1067 937; x_wconf 90' lang='lat' dir='ltr'><strong>sententias,</strong></span> <span class='ocrx_word' id='word_1_31' title='bbox 1089 854 1203 937; x_wconf 82' lang='lat' dir='ltr'><strong>quippe</strong></span> <span class='ocrx_word' id='word_1_32' title='bbox 1226 873 1305 938; x_wconf 90' lang='lat' dir='ltr'><strong>quae</strong></span> 
     </span>
     <span class='ocr_line' id='line_1_6' title="bbox 162 961 1306 1047; baseline 0.001 -23"><span class='ocrx_word' id='word_1_33' title='bbox 162 961 275 1025; x_wconf 87' lang='lat' dir='ltr'><strong>multae</strong></span> <span class='ocrx_word' id='word_1_34' title='bbox 298 962 358 1026; x_wconf 92' lang='lat' dir='ltr'><strong>sint</strong></span> <span class='ocrx_word' id='word_1_35' title='bbox 383 969 414 1026; x_wconf 92' lang='lat' dir='ltr'><strong>et</strong></span> <span class='ocrx_word' id='word_1_36' title='bbox 437 964 515 1029; x_wconf 91' lang='lat' dir='ltr'><strong>male</strong></span> <span class='ocrx_word' id='word_1_37' title='bbox 538 983 633 1028; x_wconf 91' lang='lat' dir='ltr'><strong>sanae</strong></span> <span class='ocrx_word' id='word_1_38' title='bbox 657 964 829 1047; x_wconf 79' lang='lat' dir='ltr'>plenaeque</span> <span class='ocrx_word' id='word_1_39' title='bbox 852 961 1077 1043; x_wconf 75' lang='lat' dir='ltr'><strong>blasphemiae,</strong></span> <span class='ocrx_word' id='word_1_40' title='bbox 1107 961 1217 1043; x_wconf 92' lang='lat' dir='ltr'><strong>quibus</strong></span> <span class='ocrx_word' id='word_1_41' title='bbox 1246 961 1306 1025; x_wconf 92' lang='lat' dir='ltr'><strong>ad-</strong></span> 
     </span>
     <span class='ocr_line' id='line_1_7' title="bbox 163 1068 1345 1152; baseline 0.003 -22"><span class='ocrx_word' id='word_1_42' title='bbox 163 1068 284 1131; x_wconf 82' lang='lat' dir='ltr'><strong>modum</strong></span> <span class='ocrx_word' id='word_1_43' title='bbox 308 1069 468 1150; x_wconf 78' lang='lat' dir='ltr'><strong>graviores</strong></span> <span class='ocrx_word' id='word_1_44' title='bbox 498 1073 579 1135; x_wconf 92' lang='lat' dir='ltr'><strong>circa</strong></span> <span class='ocrx_word' id='word_1_45' title='bbox 611 1090 724 1135; x_wconf 90' lang='lat' dir='ltr'><strong>numen</strong></span> <span class='ocrx_word' id='word_1_46' title='bbox 755 1070 888 1134; x_wconf 87' lang='lat' dir='ltr'><strong>divinum</strong></span> <span class='ocrx_word' id='word_1_47' title='bbox 922 1071 972 1152; x_wconf 90' lang='lat' dir='ltr'><strong>qui</strong></span> <span class='ocrx_word' id='word_1_48' title='bbox 1004 1068 1171 1134; x_wconf 87' lang='lat' dir='ltr'><strong>aGraecis</strong></span> <span class='ocrx_word' id='word_1_49' title='bbox 1203 1069 1345 1152; x_wconf 74' lang='lat' dir='ltr'><strong>philo-8⁰</strong></span> 
     </span>
     <span class='ocr_line' id='line_1_8' title="bbox 162 1175 1308 1258; baseline -0.001 -18"><span class='ocrx_word' id='word_1_50' title='bbox 162 1175 371 1258; x_wconf 76' lang='lat' dir='ltr'><strong>sopiebantur</strong></span> <span class='ocrx_word' id='word_1_51' title='bbox 407 1178 540 1241; x_wconf 87' lang='lat' dir='ltr'><strong>convicti</strong></span> <span class='ocrx_word' id='word_1_52' title='bbox 576 1185 656 1245; x_wconf 91' lang='lat' dir='ltr'><strong>sunt.</strong></span> <span class='ocrx_word' id='word_1_53' title='bbox 716 1177 897 1243; x_wconf 83' lang='lat' dir='ltr'><strong>llultilariae</strong></span> <span class='ocrx_word' id='word_1_54' title='bbox 928 1183 1029 1240; x_wconf 90' lang='lat' dir='ltr'><strong>autem</strong></span> <span class='ocrx_word' id='word_1_55' title='bbox 1061 1185 1206 1240; x_wconf 87' lang='lat' dir='ltr'><strong>catervae</strong></span> <span class='ocrx_word' id='word_1_56' title='bbox 1238 1193 1308 1239; x_wconf 84' lang='lat' dir='ltr'><strong>rna-</strong></span> 
     </span>
     <span class='ocr_line' id='line_1_9' title="bbox 162 1281 1308 1368; baseline 0.002 -24"><span class='ocrx_word' id='word_1_57' title='bbox 162 1281 261 1346; x_wconf 92' lang='lat' dir='ltr'><strong>lcrurn</strong></span> <span class='ocrx_word' id='word_1_58' title='bbox 294 1289 400 1348; x_wconf 91' lang='lat' dir='ltr'><strong>auctor</strong></span> <span class='ocrx_word' id='word_1_59' title='bbox 433 1283 492 1347; x_wconf 92' lang='lat' dir='ltr'><strong>illis</strong></span> <span class='ocrx_word' id='word_1_60' title='bbox 523 1285 621 1348; x_wconf 87' lang='lat' dir='ltr'><strong>extitit</strong></span> <span class='ocrx_word' id='word_1_61' title='bbox 647 1283 812 1367; x_wconf 88' lang='lat' dir='ltr'><strong>Nicolaus,</strong></span> <span class='ocrx_word' id='word_1_62' title='bbox 847 1301 925 1348; x_wconf 91' lang='lat' dir='ltr'><strong>unus</strong></span> <span class='ocrx_word' id='word_1_63' title='bbox 957 1303 996 1347; x_wconf 87' lang='lat' dir='ltr'><strong>ex</strong></span> <span class='ocrx_word' id='word_1_64' title='bbox 1027 1292 1146 1368; x_wconf 91' lang='lat' dir='ltr'><strong>septem</strong></span> <span class='ocrx_word' id='word_1_65' title='bbox 1180 1285 1238 1347; x_wconf 94' lang='lat' dir='ltr'><strong>illis</strong></span> <span class='ocrx_word' id='word_1_66' title='bbox 1270 1282 1308 1347; x_wconf 91' lang='lat' dir='ltr'><strong>ab</strong></span> 
     </span>
     <span class='ocr_line' id='line_1_10' title="bbox 164 1390 1308 1473; baseline 0 -21"><span class='ocrx_word' id='word_1_67' title='bbox 164 1391 312 1471; x_wconf 90' lang='lat' dir='ltr'><strong>apostolis</strong></span> <span class='ocrx_word' id='word_1_68' title='bbox 341 1390 379 1454; x_wconf 91' lang='lat' dir='ltr'><strong>ad</strong></span> <span class='ocrx_word' id='word_1_69' title='bbox 414 1391 584 1456; x_wconf 84' lang='lat' dir='ltr'><strong>diaconiam</strong></span> <span class='ocrx_word' id='word_1_70' title='bbox 615 1392 773 1468; x_wconf 87' lang='lat' dir='ltr'><strong>institutis,</strong></span> <span class='ocrx_word' id='word_1_71' title='bbox 816 1391 867 1473; x_wconf 91' lang='lat' dir='ltr'><strong>qui</strong></span> <span class='ocrx_word' id='word_1_72' title='bbox 895 1399 998 1473; x_wconf 91' lang='lat' dir='ltr'><strong>spreta</strong></span> <span class='ocrx_word' id='word_1_73' title='bbox 1030 1409 1110 1473; x_wconf 87' lang='lat' dir='ltr'><strong>quae</strong></span> <span class='ocrx_word' id='word_1_74' title='bbox 1150 1409 1189 1454; x_wconf 88' lang='lat' dir='ltr'><strong>cx</strong></span> <span class='ocrx_word' id='word_1_75' title='bbox 1222 1398 1308 1454; x_wconf 91' lang='lat' dir='ltr'><strong>recto</strong></span> 
     </span>
     <span class='ocr_line' id='line_1_11' title="bbox 163 1496 1308 1582; baseline -0.002 -22"><span class='ocrx_word' id='word_1_76' title='bbox 163 1503 230 1560; x_wconf 91' lang='lat' dir='ltr'><strong>erat</strong></span> <span class='ocrx_word' id='word_1_77' title='bbox 255 1496 413 1579; x_wconf 89' lang='lat' dir='ltr'><strong>disciplina</strong></span> <span class='ocrx_word' id='word_1_78' title='bbox 435 1498 571 1562; x_wconf 89' lang='lat' dir='ltr'><strong>docebat</strong></span> <span class='ocrx_word' id='word_1_79' title='bbox 593 1497 827 1564; x_wconf 80' lang='lat' dir='ltr'><strong>indifferentiam</strong></span> <span class='ocrx_word' id='word_1_80' title='bbox 851 1501 931 1563; x_wconf 91' lang='lat' dir='ltr'><strong>vitae</strong></span> <span class='ocrx_word' id='word_1_81' title='bbox 955 1506 986 1562; x_wconf 91' lang='lat' dir='ltr'><strong>et</strong></span> <span class='ocrx_word' id='word_1_82' title='bbox 1006 1498 1079 1582; x_wconf 92' lang='lat' dir='ltr'><strong>cibi,</strong></span> <span class='ocrx_word' id='word_1_83' title='bbox 1102 1499 1188 1561; x_wconf 91' lang='lat' dir='ltr'><strong>cuius</strong></span> <span class='ocrx_word' id='word_1_84' title='bbox 1212 1497 1308 1560; x_wconf 90' lang='lat' dir='ltr'><strong>disci-</strong></span> 
     </span>
     <span class='ocr_line' id='line_1_12' title="bbox 163 1603 1346 1689; baseline 0.003 -24"><span class='ocrx_word' id='word_1_85' title='bbox 163 1603 253 1685; x_wconf 91' lang='lat' dir='ltr'><strong>pulos</strong></span> <span class='ocrx_word' id='word_1_86' title='bbox 276 1604 438 1668; x_wconf 76' lang='lat' dir='ltr'><strong>illudentes</strong></span> <span class='ocrx_word' id='word_1_87' title='bbox 461 1611 569 1669; x_wconf 90' lang='lat' dir='ltr'><strong>sancto</strong></span> <span class='ocrx_word' id='word_1_88' title='bbox 593 1607 712 1687; x_wconf 90' lang='lat' dir='ltr'><strong>spiritui</strong></span> <span class='ocrx_word' id='word_1_89' title='bbox 739 1624 795 1687; x_wconf 86' lang='lat' dir='ltr'><strong>per</strong></span> <span class='ocrx_word' id='word_1_90' title='bbox 826 1605 1035 1689; x_wconf 77' lang='lat' dir='ltr'><strong>Apocalypsin</strong></span> <span class='ocrx_word' id='word_1_91' title='bbox 1058 1605 1191 1668; x_wconf 90' lang='lat' dir='ltr'><strong>loannes</strong></span> <span class='ocrx_word' id='word_1_92' title='bbox 1213 1607 1346 1668; x_wconf 71' lang='lat' dir='ltr'><strong>coar-⁸⁶</strong></span> 
     </span>
     <span class='ocr_line' id='line_1_13' title="bbox 163 1711 875 1798; baseline 0.003 -26"><span class='ocrx_word' id='word_1_93' title='bbox 163 1711 230 1794; x_wconf 80' lang='lat' dir='ltr'><strong>guil</strong></span> <span class='ocrx_word' id='word_1_94' title='bbox 252 1717 425 1775; x_wconf 87' lang='lat' dir='ltr'><strong>scortantes</strong></span> <span class='ocrx_word' id='word_1_95' title='bbox 449 1718 480 1775; x_wconf 91' lang='lat' dir='ltr'><strong>et</strong></span> <span class='ocrx_word' id='word_1_96' title='bbox 502 1711 680 1798; x_wconf 74' lang='lat' dir='ltr'><strong>idolothytis</strong></span> <span class='ocrx_word' id='word_1_97' title='bbox 703 1717 875 1777; x_wconf 87' lang='lat' dir='ltr'><strong>vescentes.</strong></span> 
     </span>
    </p>
   </div>
   <div class='ocr_carea' id='block_1_3' title="bbox 162 1831 1347 2456">
    <p class='ocr_par' dir='ltr' id='par_1_4' title="bbox 162 1831 1347 2456">
     <span class='ocr_line' id='line_1_14' title="bbox 247 1831 1309 1919; baseline -0.001 -22"><span class='ocrx_word' id='word_1_98' title='bbox 247 1831 300 1900; x_wconf 84' lang='grc'><strong>37.</strong></span> <span class='ocrx_word' id='word_1_99' title='bbox 345 1834 469 1900; x_wconf 88' lang='lat' dir='ltr'><strong>Cerdon</strong></span> <span class='ocrx_word' id='word_1_100' title='bbox 503 1844 605 1900; x_wconf 90' lang='lat' dir='ltr'><strong>autem</strong></span> <span class='ocrx_word' id='word_1_101' title='bbox 639 1836 779 1919; x_wconf 88' lang='lat' dir='ltr'><strong>quidam,</strong></span> <span class='ocrx_word' id='word_1_102' title='bbox 809 1843 840 1898; x_wconf 89' lang='lat' dir='ltr'><strong>et</strong></span> <span class='ocrx_word' id='word_1_103' title='bbox 865 1837 932 1918; x_wconf 89' lang='lat' dir='ltr'><strong>ipse</strong></span> <span class='ocrx_word' id='word_1_104' title='bbox 964 1835 1053 1899; x_wconf 90' lang='lat' dir='ltr'><strong>simili</strong></span> <span class='ocrx_word' id='word_1_105' title='bbox 1082 1834 1176 1898; x_wconf 91' lang='lat' dir='ltr'><strong>modo</strong></span> <span class='ocrx_word' id='word_1_106' title='bbox 1201 1834 1238 1898; x_wconf 93' lang='lat' dir='ltr'><strong>ab</strong></span> <span class='ocrx_word' id='word_1_107' title='bbox 1261 1833 1309 1896; x_wconf 88' lang='lat' dir='ltr'><strong>his</strong></span> 
     </span>
     <span class='ocr_line' id='line_1_15' title="bbox 162 1940 1309 2028; baseline 0.003 -27"><span class='ocrx_word' id='word_1_108' title='bbox 162 1940 321 2022; x_wconf 87' lang='lat' dir='ltr'><strong>proiectus</strong></span> <span class='ocrx_word' id='word_1_109' title='bbox 344 1949 376 2004; x_wconf 89' lang='lat' dir='ltr'><strong>et</strong></span> <span class='ocrx_word' id='word_1_110' title='bbox 398 1941 538 2028; x_wconf 88' lang='lat' dir='ltr'><strong>Simone,</strong></span> <span class='ocrx_word' id='word_1_111' title='bbox 561 1945 601 2007; x_wconf 93' lang='lat' dir='ltr'><strong>ait</strong></span> <span class='ocrx_word' id='word_1_112' title='bbox 621 1963 706 2026; x_wconf 92' lang='lat' dir='ltr'><strong>eum,</strong></span> <span class='ocrx_word' id='word_1_113' title='bbox 736 1947 787 2025; x_wconf 89' lang='lat' dir='ltr'><strong>qui</strong></span> <span class='ocrx_word' id='word_1_114' title='bbox 811 1961 828 2006; x_wconf 92' lang='lat' dir='ltr'><strong>a</strong></span> <span class='ocrx_word' id='word_1_115' title='bbox 851 1943 939 2007; x_wconf 85' lang='lat' dir='ltr'><strong>blase</strong></span> <span class='ocrx_word' id='word_1_116' title='bbox 966 1951 997 2006; x_wconf 91' lang='lat' dir='ltr'><strong>et</strong></span> <span class='ocrx_word' id='word_1_117' title='bbox 1025 1942 1183 2024; x_wconf 86' lang='lat' dir='ltr'><strong>prophetis</strong></span> <span class='ocrx_word' id='word_1_118' title='bbox 1213 1960 1309 2023; x_wconf 89' lang='lat' dir='ltr'><strong>prae-</strong></span> 
     </span>
     <span class='ocr_line' id='line_1_16' title="bbox 163 2045 1308 2134; baseline 0.001 -26"><span class='ocrx_word' id='word_1_119' title='bbox 163 2045 282 2110; x_wconf 91' lang='lat' dir='ltr'><strong>dicetur</strong></span> <span class='ocrx_word' id='word_1_120' title='bbox 316 2048 424 2134; x_wconf 87' lang='lat' dir='ltr'><strong>deum,</strong></span> <span class='ocrx_word' id='word_1_121' title='bbox 462 2067 526 2114; x_wconf 91' lang='lat' dir='ltr'><strong>uon</strong></span> <span class='ocrx_word' id='word_1_122' title='bbox 558 2069 628 2116; x_wconf 89' lang='lat' dir='ltr'><strong>esse</strong></span> <span class='ocrx_word' id='word_1_123' title='bbox 671 2061 787 2134; x_wconf 89' lang='lat' dir='ltr'><strong>patrem</strong></span> <span class='ocrx_word' id='word_1_124' title='bbox 821 2051 890 2115; x_wconf 91' lang='lat' dir='ltr'><strong>lesu</strong></span> <span class='ocrx_word' id='word_1_125' title='bbox 926 2049 1048 2113; x_wconf 86' lang='lat' dir='ltr'><strong>Christi.</strong></span> <span class='ocrx_word' id='word_1_126' title='bbox 1107 2048 1191 2112; x_wconf 88' lang='lat' dir='ltr'><strong>lllum</strong></span> <span class='ocrx_word' id='word_1_127' title='bbox 1229 2045 1308 2110; x_wconf 90' lang='lat' dir='ltr'><strong>enim</strong></span> 
     </span>
     <span class='ocr_line' id='line_1_17' title="bbox 162 2154 1347 2242; baseline 0 -25"><span class='ocrx_word' id='word_1_128' title='bbox 162 2156 328 2238; x_wconf 79' lang='lat' dir='ltr'><strong>cognosci,</strong></span> <span class='ocrx_word' id='word_1_129' title='bbox 350 2154 460 2220; x_wconf 84' lang='lat' dir='ltr'><strong>Christi</strong></span> <span class='ocrx_word' id='word_1_130' title='bbox 482 2165 581 2220; x_wconf 90' lang='lat' dir='ltr'><strong>autern</strong></span> <span class='ocrx_word' id='word_1_131' title='bbox 605 2167 722 2239; x_wconf 89' lang='lat' dir='ltr'><strong>patrem</strong></span> <span class='ocrx_word' id='word_1_132' title='bbox 745 2159 932 2242; x_wconf 81' lang='lat' dir='ltr'><strong>incognitum</strong></span> <span class='ocrx_word' id='word_1_133' title='bbox 958 2175 1044 2238; x_wconf 90' lang='lat' dir='ltr'><strong>csse,</strong></span> <span class='ocrx_word' id='word_1_134' title='bbox 1076 2164 1108 2219; x_wconf 89' lang='lat' dir='ltr'><strong>et</strong></span> <span class='ocrx_word' id='word_1_135' title='bbox 1129 2155 1212 2219; x_wconf 86' lang='lat' dir='ltr'><strong>illurn</strong></span> <span class='ocrx_word' id='word_1_136' title='bbox 1238 2167 1347 2218; x_wconf 84' lang='lat' dir='ltr'><strong>esscsc</strong></span> 
     </span>
     <span class='ocr_line' id='line_1_18' title="bbox 164 2261 1312 2347; baseline 0.001 -23"><span class='ocrx_word' id='word_1_137' title='bbox 164 2264 293 2347; x_wconf 87' lang='lat' dir='ltr'><strong>iustum,</strong></span> <span class='ocrx_word' id='word_1_138' title='bbox 316 2261 398 2326; x_wconf 91' lang='lat' dir='ltr'><strong>bunc</strong></span> <span class='ocrx_word' id='word_1_139' title='bbox 422 2271 523 2328; x_wconf 85' lang='lat' dir='ltr'><strong>autern</strong></span> <span class='ocrx_word' id='word_1_140' title='bbox 542 2264 667 2329; x_wconf 92' lang='lat' dir='ltr'><strong>bonum.</strong></span> <span class='ocrx_word' id='word_1_141' title='bbox 712 2265 808 2329; x_wconf 86' lang='lat' dir='ltr'><strong>Huius</strong></span> <span class='ocrx_word' id='word_1_142' title='bbox 832 2275 934 2330; x_wconf 83' lang='lat' dir='ltr'><strong>autern</strong></span> <span class='ocrx_word' id='word_1_143' title='bbox 958 2265 1128 2328; x_wconf 85' lang='lat' dir='ltr'><strong>doctrinam</strong></span> <span class='ocrx_word' id='word_1_144' title='bbox 1157 2263 1312 2327; x_wconf 91' lang='lat' dir='ltr'><strong>corrobo-</strong></span> 
     </span>
     <span class='ocr_line' id='line_1_19' title="bbox 165 2369 1309 2456; baseline -0.001 -23"><span class='ocrx_word' id='word_1_145' title='bbox 165 2369 251 2434; x_wconf 86' lang='lat' dir='ltr'><strong>rabat</strong></span> <span class='ocrx_word' id='word_1_146' title='bbox 275 2371 429 2456; x_wconf 85' lang='lat' dir='ltr'><strong>Marcion,</strong></span> <span class='ocrx_word' id='word_1_147' title='bbox 452 2371 503 2453; x_wconf 86' lang='lat' dir='ltr'><strong>qui</strong></span> <span class='ocrx_word' id='word_1_148' title='bbox 527 2380 559 2435; x_wconf 90' lang='lat' dir='ltr'><strong>ct</strong></span> <span class='ocrx_word' id='word_1_149' title='bbox 581 2373 862 2454; x_wconf 88' lang='lat' dir='ltr'><strong>contrapositiones</strong></span> <span class='ocrx_word' id='word_1_150' title='bbox 886 2372 1057 2436; x_wconf 89' lang='lat' dir='ltr'><strong>conabatur</strong></span> <span class='ocrx_word' id='word_1_151' title='bbox 1086 2379 1115 2434; x_wconf 91' lang='lat' dir='ltr'><strong>et</strong></span> <span class='ocrx_word' id='word_1_152' title='bbox 1146 2389 1309 2451; x_wconf 89' lang='lat' dir='ltr'><strong>quaecuu-</strong></span> 
     </span>
    </p>
   </div>
   <div class='ocr_carea' id='block_1_4' title="bbox 161 2507 1313 3789">
    <p class='ocr_par' dir='ltr' id='par_1_5' title="bbox 162 2507 1313 3254">
     <span class='ocr_line' id='line_1_20' title="bbox 250 2507 1313 2613; baseline 0 -22"><span class='ocrx_word' id='word_1_153' title='bbox 250 2527 332 2594; x_wconf 91' lang='lat' dir='ltr'><strong>lren.</strong></span> <span class='ocrx_word' id='word_1_154' title='bbox 353 2550 380 2592; x_wconf 93' lang='lat' dir='ltr'><strong>c.</strong></span> <span class='ocrx_word' id='word_1_155' title='bbox 403 2529 488 2592; x_wconf 75' lang='lat' dir='ltr'><strong>bueo.</strong></span> <span class='ocrx_word' id='word_1_156' title='bbox 513 2526 542 2613; x_wconf 91' lang='lat'><strong>1,</strong></span> <span class='ocrx_word' id='word_1_157' title='bbox 564 2527 617 2612; x_wconf 80' lang='lat'><strong>27,</strong></span> <span class='ocrx_word' id='word_1_158' title='bbox 640 2507 670 2593; x_wconf 90' lang='lat' dir='ltr'><strong>l.</strong></span> <span class='ocrx_word' id='word_1_159' title='bbox 715 2527 754 2590; x_wconf 89' lang='lat' dir='ltr'><strong>Et</strong></span> <span class='ocrx_word' id='word_1_160' title='bbox 775 2529 900 2592; x_wconf 83' lang='lat' dir='ltr'><strong>cerdon</strong></span> <span class='ocrx_word' id='word_1_161' title='bbox 933 2538 1033 2594; x_wconf 90' lang='lat' dir='ltr'><strong>autem</strong></span> <span class='ocrx_word' id='word_1_162' title='bbox 1058 2528 1180 2612; x_wconf 87' lang='lat' dir='ltr'><strong>quidam</strong></span> <span class='ocrx_word' id='word_1_163' title='bbox 1204 2528 1241 2592; x_wconf 91' lang='lat' dir='ltr'><strong>ab</strong></span> <span class='ocrx_word' id='word_1_164' title='bbox 1265 2528 1313 2612; x_wconf 89' lang='lat' dir='ltr'><strong>iis,</strong></span> 
     </span>
     <span class='ocr_line' id='line_1_21' title="bbox 164 2635 1311 2718; baseline -0.002 -20"><span class='ocrx_word' id='word_1_165' title='bbox 164 2635 216 2716; x_wconf 85' lang='lat' dir='ltr'><strong>qui</strong></span> <span class='ocrx_word' id='word_1_166' title='bbox 238 2642 309 2699; x_wconf 88' lang='lat' dir='ltr'><strong>sunt</strong></span> <span class='ocrx_word' id='word_1_167' title='bbox 339 2653 415 2718; x_wconf 81' lang='lat' dir='ltr'><strong>erga</strong></span> <span class='ocrx_word' id='word_1_168' title='bbox 447 2636 602 2701; x_wconf 88' lang='lat' dir='ltr'><strong>Simonem</strong></span> <span class='ocrx_word' id='word_1_169' title='bbox 636 2637 833 2699; x_wconf 89' lang='lat' dir='ltr'><strong>occasionem</strong></span> <span class='ocrx_word' id='word_1_170' title='bbox 867 2637 1044 2718; x_wconf 88' lang='lat' dir='ltr'><strong>accipiens,</strong></span> <span class='ocrx_word' id='word_1_171' title='bbox 1076 2654 1144 2698; x_wconf 90' lang='lat' dir='ltr'><strong>cum</strong></span> <span class='ocrx_word' id='word_1_172' title='bbox 1177 2635 1311 2698; x_wconf 86' lang='lat' dir='ltr'><strong>venisset</strong></span> 
     </span>
     <span class='ocr_line' id='line_1_22' title="bbox 165 2742 1312 2827; baseline -0.002 -21"><span class='ocrx_word' id='word_1_173' title='bbox 165 2743 291 2806; x_wconf 87' lang='lat' dir='ltr'><strong>Romam</strong></span> <span class='ocrx_word' id='word_1_174' title='bbox 315 2743 371 2806; x_wconf 94' lang='lat' dir='ltr'><strong>sub</strong></span> <span class='ocrx_word' id='word_1_175' title='bbox 395 2743 534 2827; x_wconf 82' lang='lat' dir='ltr'><strong>Hygino,</strong></span> <span class='ocrx_word' id='word_1_176' title='bbox 571 2743 623 2824; x_wconf 84' lang='lat' dir='ltr'><strong>qui</strong></span> <span class='ocrx_word' id='word_1_177' title='bbox 650 2751 789 2806; x_wconf 86' lang='lat' dir='ltr'><strong>octavum</strong></span> <span class='ocrx_word' id='word_1_178' title='bbox 815 2742 917 2806; x_wconf 88' lang='lat' dir='ltr'><strong>locum</strong></span> <span class='ocrx_word' id='word_1_179' title='bbox 941 2743 1134 2824; x_wconf 88' lang='lat' dir='ltr'><strong>episcopatus</strong></span> <span class='ocrx_word' id='word_1_180' title='bbox 1157 2760 1214 2824; x_wconf 89' lang='lat' dir='ltr'><strong>per</strong></span> <span class='ocrx_word' id='word_1_181' title='bbox 1235 2760 1312 2805; x_wconf 93' lang='lat' dir='ltr'><strong>suc-</strong></span> 
     </span>
     <span class='ocr_line' id='line_1_23' title="bbox 164 2848 1311 2934; baseline -0.003 -21"><span class='ocrx_word' id='word_1_182' title='bbox 164 2852 338 2913; x_wconf 88' lang='lat' dir='ltr'><strong>cessionem</strong></span> <span class='ocrx_word' id='word_1_183' title='bbox 362 2851 399 2914; x_wconf 89' lang='lat' dir='ltr'><strong>ab</strong></span> <span class='ocrx_word' id='word_1_184' title='bbox 424 2850 571 2932; x_wconf 89' lang='lat' dir='ltr'><strong>apostolis</strong></span> <span class='ocrx_word' id='word_1_185' title='bbox 594 2849 714 2934; x_wconf 89' lang='lat' dir='ltr'><strong>habuit,</strong></span> <span class='ocrx_word' id='word_1_186' title='bbox 739 2850 843 2913; x_wconf 90' lang='lat' dir='ltr'><strong>docuit</strong></span> <span class='ocrx_word' id='word_1_187' title='bbox 867 2868 949 2933; x_wconf 90' lang='lat' dir='ltr'><strong>eum,</strong></span> <span class='ocrx_word' id='word_1_188' title='bbox 974 2851 1025 2931; x_wconf 86' lang='lat' dir='ltr'><strong>qui</strong></span> <span class='ocrx_word' id='word_1_189' title='bbox 1048 2848 1160 2932; x_wconf 82' lang='lat' dir='ltr'><strong>alege</strong></span> <span class='ocrx_word' id='word_1_190' title='bbox 1184 2856 1214 2913; x_wconf 92' lang='lat' dir='ltr'><strong>et</strong></span> <span class='ocrx_word' id='word_1_191' title='bbox 1233 2865 1311 2930; x_wconf 91' lang='lat' dir='ltr'><strong>pro-</strong></span> 
     </span>
     <span class='ocr_line' id='line_1_24' title="bbox 164 2954 1312 3042; baseline -0.002 -22"><span class='ocrx_word' id='word_1_192' title='bbox 164 2958 265 3042; x_wconf 86' lang='lat' dir='ltr'><strong>phetis</strong></span> <span class='ocrx_word' id='word_1_193' title='bbox 301 2959 504 3021; x_wconf 90' lang='lat' dir='ltr'><strong>annunciatus</strong></span> <span class='ocrx_word' id='word_1_194' title='bbox 538 2959 578 3021; x_wconf 90' lang='lat' dir='ltr'><strong>sit</strong></span> <span class='ocrx_word' id='word_1_195' title='bbox 608 2957 698 3038; x_wconf 89' lang='lat' dir='ltr'><strong>deus,</strong></span> <span class='ocrx_word' id='word_1_196' title='bbox 729 2975 792 3020; x_wconf 92' lang='lat' dir='ltr'><strong>non</strong></span> <span class='ocrx_word' id='word_1_197' title='bbox 823 2974 893 3020; x_wconf 83' lang='lat' dir='ltr'><strong>asse</strong></span> <span class='ocrx_word' id='word_1_198' title='bbox 927 2962 1044 3038; x_wconf 89' lang='lat' dir='ltr'><strong>patrem</strong></span> <span class='ocrx_word' id='word_1_199' title='bbox 1073 2954 1186 3018; x_wconf 89' lang='lat' dir='ltr'><strong>domini</strong></span> <span class='ocrx_word' id='word_1_200' title='bbox 1215 2954 1312 3018; x_wconf 90' lang='lat' dir='ltr'><strong>nostri</strong></span> 
     </span>
     <span class='ocr_line' id='line_1_25' title="bbox 165 3061 1313 3150; baseline -0.003 -22"><span class='ocrx_word' id='word_1_201' title='bbox 165 3064 276 3129; x_wconf 84' lang='lat' dir='ltr'><strong>Christi</strong></span> <span class='ocrx_word' id='word_1_202' title='bbox 299 3061 376 3128; x_wconf 88' lang='lat' dir='ltr'><strong>lesu.</strong></span> <span class='ocrx_word' id='word_1_203' title='bbox 435 3065 521 3128; x_wconf 89' lang='lat' dir='ltr'><strong>Hunc</strong></span> <span class='ocrx_word' id='word_1_204' title='bbox 548 3067 628 3150; x_wconf 87' lang='lat' dir='ltr'><strong>enim</strong></span> <span class='ocrx_word' id='word_1_205' title='bbox 656 3065 822 3148; x_wconf 81' lang='lat' dir='ltr'><strong>cognosci,</strong></span> <span class='ocrx_word' id='word_1_206' title='bbox 856 3063 936 3126; x_wconf 90' lang='lat' dir='ltr'><strong>illum</strong></span> <span class='ocrx_word' id='word_1_207' title='bbox 968 3070 1068 3127; x_wconf 88' lang='lat' dir='ltr'><strong>autem</strong></span> <span class='ocrx_word' id='word_1_208' title='bbox 1099 3063 1252 3146; x_wconf 81' lang='lat' dir='ltr'><strong>ignorari,</strong></span> <span class='ocrx_word' id='word_1_209' title='bbox 1281 3068 1313 3126; x_wconf 89' lang='lat' dir='ltr'><strong>et</strong></span> 
     </span>
     <span class='ocr_line' id='line_1_26' title="bbox 162 3171 1103 3254; baseline -0.004 -18"><span class='ocrx_word' id='word_1_210' title='bbox 162 3173 291 3236; x_wconf 90' lang='lat' dir='ltr'><strong>alterurn</strong></span> <span class='ocrx_word' id='word_1_211' title='bbox 314 3171 436 3254; x_wconf 87' lang='lat' dir='ltr'><strong>quidem</strong></span> <span class='ocrx_word' id='word_1_212' title='bbox 459 3174 586 3254; x_wconf 90' lang='lat' dir='ltr'><strong>iustum,</strong></span> <span class='ocrx_word' id='word_1_213' title='bbox 610 3172 739 3236; x_wconf 91' lang='lat' dir='ltr'><strong>alterurn</strong></span> <span class='ocrx_word' id='word_1_214' title='bbox 764 3179 863 3235; x_wconf 87' lang='lat' dir='ltr'><strong>autern</strong></span> <span class='ocrx_word' id='word_1_215' title='bbox 887 3173 998 3235; x_wconf 83' lang='lat' dir='ltr'><strong>bonurn</strong></span> <span class='ocrx_word' id='word_1_216' title='bbox 1023 3188 1103 3234; x_wconf 91' lang='lat' dir='ltr'><strong>esse.</strong></span> 
     </span>
    </p>

    <p class='ocr_par' dir='ltr' id='par_1_6' title="bbox 161 3276 1311 3789">
     <span class='ocr_line' id='line_1_27' title="bbox 249 3276 1309 3358; baseline -0.003 -15"><span class='ocrx_word' id='word_1_217' title='bbox 249 3281 279 3344; x_wconf 81' lang='lat'><strong>2.</strong></span> <span class='ocrx_word' id='word_1_218' title='bbox 331 3279 509 3345; x_wconf 87' lang='lat' dir='ltr'><strong>Succedens</strong></span> <span class='ocrx_word' id='word_1_219' title='bbox 547 3289 648 3343; x_wconf 87' lang='lat' dir='ltr'><strong>autem</strong></span> <span class='ocrx_word' id='word_1_220' title='bbox 687 3283 714 3342; x_wconf 90' lang='lat' dir='ltr'><strong>ei</strong></span> <span class='ocrx_word' id='word_1_221' title='bbox 749 3279 887 3342; x_wconf 86' lang='lat' dir='ltr'><strong>Marcion</strong></span> <span class='ocrx_word' id='word_1_222' title='bbox 926 3279 1070 3342; x_wconf 89' lang='lat' dir='ltr'><strong>Ponticus</strong></span> <span class='ocrx_word' id='word_1_223' title='bbox 1116 3276 1309 3358; x_wconf 87' lang='lat' dir='ltr'><strong>adampliavit</strong></span> 
     </span>
     <span class='ocr_line' id='line_1_28' title="bbox 167 3382 1311 3468; baseline -0.003 -21"><span class='ocrx_word' id='word_1_224' title='bbox 167 3384 357 3463; x_wconf 88' lang='lat' dir='ltr'><strong>doctrinam,</strong></span> <span class='ocrx_word' id='word_1_225' title='bbox 380 3384 574 3466; x_wconf 88' lang='lat' dir='ltr'><strong>impudorate</strong></span> <span class='ocrx_word' id='word_1_226' title='bbox 596 3383 811 3466; x_wconf 89' lang='lat' dir='ltr'><strong>blasphemans</strong></span> <span class='ocrx_word' id='word_1_227' title='bbox 834 3402 920 3468; x_wconf 91' lang='lat' dir='ltr'><strong>eum,</strong></span> <span class='ocrx_word' id='word_1_228' title='bbox 950 3385 1002 3465; x_wconf 88' lang='lat' dir='ltr'><strong>qui</strong></span> <span class='ocrx_word' id='word_1_229' title='bbox 1032 3403 1049 3447; x_wconf 90' lang='lat' dir='ltr'><strong>a</strong></span> <span class='ocrx_word' id='word_1_230' title='bbox 1076 3382 1149 3466; x_wconf 83' lang='lat' dir='ltr'><strong>lege</strong></span> <span class='ocrx_word' id='word_1_231' title='bbox 1178 3392 1210 3446; x_wconf 92' lang='lat' dir='ltr'><strong>et</strong></span> <span class='ocrx_word' id='word_1_232' title='bbox 1233 3399 1311 3463; x_wconf 92' lang='lat' dir='ltr'><strong>pro-</strong></span> 
     </span>
     <span class='ocr_line' id='line_1_29' title="bbox 163 3490 1307 3576; baseline -0.002 -22"><span class='ocrx_word' id='word_1_233' title='bbox 163 3491 263 3576; x_wconf 88' lang='lat' dir='ltr'><strong>pbetis</strong></span> <span class='ocrx_word' id='word_1_234' title='bbox 295 3493 497 3555; x_wconf 90' lang='lat' dir='ltr'><strong>annunciatus</strong></span> <span class='ocrx_word' id='word_1_235' title='bbox 532 3498 577 3556; x_wconf 91' lang='lat' dir='ltr'><strong>cst</strong></span> <span class='ocrx_word' id='word_1_236' title='bbox 612 3491 703 3558; x_wconf 88' lang='lat' dir='ltr'><strong>deus.</strong></span> <span class='ocrx_word' id='word_1_237' title='bbox 743 3492 891 3554; x_wconf 89' lang='lat' dir='ltr'><strong>malorum</strong></span> <span class='ocrx_word' id='word_1_238' title='bbox 921 3491 1071 3555; x_wconf 81' lang='lat' dir='ltr'><strong>factorem</strong></span> <span class='ocrx_word' id='word_1_239' title='bbox 1101 3499 1132 3554; x_wconf 91' lang='lat' dir='ltr'><strong>ct</strong></span> <span class='ocrx_word' id='word_1_240' title='bbox 1160 3490 1307 3553; x_wconf 90' lang='lat' dir='ltr'><strong>bellorum</strong></span> 
     </span>
     <span class='ocr_line' id='line_1_30' title="bbox 165 3600 1309 3683; baseline -0.001 -20"><span class='ocrx_word' id='word_1_241' title='bbox 165 3602 438 3682; x_wconf 90' lang='lat' dir='ltr'><strong>concupiscentem</strong></span> <span class='ocrx_word' id='word_1_242' title='bbox 471 3607 501 3662; x_wconf 92' lang='lat' dir='ltr'><strong>et</strong></span> <span class='ocrx_word' id='word_1_243' title='bbox 530 3600 751 3663; x_wconf 89' lang='lat' dir='ltr'><strong>inconstantem</strong></span> <span class='ocrx_word' id='word_1_244' title='bbox 781 3617 906 3683; x_wconf 85' lang='lat' dir='ltr'><strong>quoquc</strong></span> <span class='ocrx_word' id='word_1_245' title='bbox 938 3601 1091 3664; x_wconf 88' lang='lat' dir='ltr'><strong>sententia</strong></span> <span class='ocrx_word' id='word_1_246' title='bbox 1124 3607 1154 3662; x_wconf 88' lang='lat' dir='ltr'><strong>et</strong></span> <span class='ocrx_word' id='word_1_247' title='bbox 1182 3603 1309 3662; x_wconf 91' lang='lat' dir='ltr'><strong>cuntra-</strong></span> 
     </span>
     <span class='ocr_line' id='line_1_31' title="bbox 161 3707 587 3789; baseline -0.005 -17"><span class='ocrx_word' id='word_1_248' title='bbox 161 3711 240 3772; x_wconf 90' lang='lat' dir='ltr'><strong>rium</strong></span> <span class='ocrx_word' id='word_1_249' title='bbox 267 3708 325 3771; x_wconf 89' lang='lat' dir='ltr'><strong>sibi</strong></span> <span class='ocrx_word' id='word_1_250' title='bbox 348 3709 445 3789; x_wconf 91' lang='lat' dir='ltr'><strong>ipsum</strong></span> <span class='ocrx_word' id='word_1_251' title='bbox 470 3707 587 3770; x_wconf 88' lang='lat' dir='ltr'><strong>dicens.</strong></span> 
     </span>
    </p>
   </div>
   <div class='ocr_carea' id='block_1_5' title="bbox 159 3862 1312 4220">
    <p class='ocr_par' dir='ltr' id='par_1_7' title="bbox 159 3862 1312 4220">
     <span class='ocr_line' id='line_1_32' title="bbox 161 3862 1311 3937; baseline -0.008 -14"><span class='ocrx_word' id='word_1_252' title='bbox 161 3876 189 3923; x_wconf 87' lang='lat' dir='ltr'><strong>et</strong></span> <span class='ocrx_word' id='word_1_253' title='bbox 206 3865 379 3937; x_wconf 77' lang='lat' dir='ltr'><strong>idolothytos</strong></span> <span class='ocrx_word' id='word_1_254' title='bbox 399 3865 492 3919; x_wconf 89' lang='lat' dir='ltr'><strong>edere.</strong></span> <span class='ocrx_word' id='word_1_255' title='bbox 529 3862 706 3936; x_wconf 85' lang='lat' dir='ltr'><strong>Quapropter</strong></span> <span class='ocrx_word' id='word_1_256' title='bbox 724 3863 791 3918; x_wconf 80' lang='lat' dir='ltr'><strong>dixit</strong></span> <span class='ocrx_word' id='word_1_257' title='bbox 810 3871 839 3917; x_wconf 86' lang='lat' dir='ltr'><strong>ct</strong></span> <span class='ocrx_word' id='word_1_258' title='bbox 857 3863 891 3917; x_wconf 91' lang='lat' dir='ltr'><strong>de</strong></span> <span class='ocrx_word' id='word_1_259' title='bbox 910 3862 944 3917; x_wconf 91' lang='lat' dir='ltr'><strong>iis</strong></span> <span class='ocrx_word' id='word_1_260' title='bbox 964 3877 1070 3915; x_wconf 85' lang='lat' dir='ltr'><strong>sermo:</strong></span> <span class='ocrx_word' id='word_1_261' title='bbox 1090 3865 1143 3917; x_wconf 84' lang='lat' dir='ltr'><strong>Sed</strong></span> <span class='ocrx_word' id='word_1_262' title='bbox 1160 3865 1207 3915; x_wconf 83' lang='lat' dir='ltr'><strong>boc</strong></span> <span class='ocrx_word' id='word_1_263' title='bbox 1225 3863 1311 3926; x_wconf 80' lang='lat' dir='ltr'><strong>balea,</strong></span> 
     </span>
     <span class='ocr_line' id='line_1_33' title="bbox 160 3951 1311 4032; baseline -0.009 -18"><span class='ocrx_word' id='word_1_264' title='bbox 160 3963 228 4032; x_wconf 73' lang='lat' dir='ltr'><strong>quod</strong></span> <span class='ocrx_word' id='word_1_265' title='bbox 245 3962 319 4013; x_wconf 81' lang='lat' dir='ltr'><strong>odiali</strong></span> <span class='ocrx_word' id='word_1_266' title='bbox 336 3976 417 4030; x_wconf 81' lang='lat' dir='ltr'><strong>opero</strong></span> <span class='ocrx_word' id='word_1_267' title='bbox 427 3960 621 4022; x_wconf 73' lang='lat' dir='ltr'><strong>nicolaitarum,</strong></span> <span class='ocrx_word' id='word_1_268' title='bbox 640 3975 704 4027; x_wconf 78' lang='lat' dir='ltr'><strong>poue</strong></span> <span class='ocrx_word' id='word_1_269' title='bbox 717 3967 741 4010; x_wconf 81' lang='lat' dir='ltr'><strong>et</strong></span> <span class='ocrx_word' id='word_1_270' title='bbox 751 3975 797 4027; x_wconf 80' lang='lat' dir='ltr'><strong>spo</strong></span> <span class='ocrx_word' id='word_1_271' title='bbox 807 3958 860 4010; x_wconf 85' lang='lat' dir='ltr'><strong>odi.</strong></span> <span class='ocrx_word' id='word_1_272' title='bbox 871 3951 1003 4025; x_wconf 77' lang='lat' dir='ltr'><strong>(Apoc2,</strong></span> <span class='ocrx_word' id='word_1_273' title='bbox 1017 3953 1054 4026; x_wconf 80' lang='lat'><strong>6.)</strong></span> <span class='ocrx_word' id='word_1_274' title='bbox 1144 3954 1190 4009; x_wconf 81' lang='lat'><strong>86.</strong></span> <span class='ocrx_word' id='word_1_275' title='bbox 1209 3953 1311 4018; x_wconf 76' lang='grc' dir='ltr'><strong><em>Πολλῆς</em></strong></span> 
     </span>
     <span class='ocr_line' id='line_1_34' title="bbox 159 4040 1312 4132; baseline -0.009 -24"><span class='ocrx_word' id='word_1_276' title='bbox 159 4053 189 4108; x_wconf 71' lang='grc' dir='ltr'><strong>δὲ</strong></span> <span class='ocrx_word' id='word_1_277' title='bbox 205 4046 303 4127; x_wconf 75' lang='grc' dir='ltr'><strong><em>αὐτοῖς]</em></strong></span> <span class='ocrx_word' id='word_1_278' title='bbox 317 4049 420 4118; x_wconf 68' lang='grc' dir='ltr'><strong><em>Πολλῆς</em></strong></span> <span class='ocrx_word' id='word_1_279' title='bbox 431 4049 460 4104; x_wconf 78' lang='lat' dir='ltr'><strong>dt</strong></span> <span class='ocrx_word' id='word_1_280' title='bbox 472 4049 559 4132; x_wconf 72' lang='grc' dir='ltr'><strong><em>οὔτῶν</em></strong></span> <span class='ocrx_word' id='word_1_281' title='bbox 577 4045 598 4103; x_wconf 87' lang='lat' dir='ltr'>C</span> <span class='ocrx_word' id='word_1_282' title='bbox 616 4044 660 4101; x_wconf 82' lang='lat' dir='ltr'><strong>M:</strong></span> <span class='ocrx_word' id='word_1_283' title='bbox 679 4050 795 4109; x_wconf 78' lang='grc' dir='ltr'><strong><em>Πολλοῖς</em></strong></span> <span class='ocrx_word' id='word_1_284' title='bbox 813 4045 840 4101; x_wconf 82' lang='lat' dir='ltr'><strong>d&#39;</strong></span> <span class='ocrx_word' id='word_1_285' title='bbox 855 4040 890 4101; x_wconf 77' lang='lat' dir='ltr'><strong>ab</strong></span> <span class='ocrx_word' id='word_1_286' title='bbox 901 4047 951 4100; x_wconf 77' lang='grc' dir='ltr'><strong>τῶν</strong></span> <span class='ocrx_word' id='word_1_287' title='bbox 970 4044 1127 4101; x_wconf 76' lang='lat' dir='ltr'><strong>Bussenius</strong></span> <span class='ocrx_word' id='word_1_288' title='bbox 1146 4045 1164 4098; x_wconf 93' lang='lat' dir='ltr'><strong>l.</strong></span> <span class='ocrx_word' id='word_1_289' title='bbox 1178 4045 1198 4099; x_wconf 91' lang='lat' dir='ltr'><strong>l.</strong></span> <span class='ocrx_word' id='word_1_290' title='bbox 1211 4062 1237 4116; x_wconf 89' lang='lat' dir='ltr'><strong>p.</strong></span> <span class='ocrx_word' id='word_1_291' title='bbox 1248 4044 1312 4108; x_wconf 75' lang='lat'><strong>³78,</strong></span> 
     </span>
     <span class='ocr_line' id='line_1_35' title="bbox 159 4133 1312 4220; baseline -0.008 -22"><span class='ocrx_word' id='word_1_292' title='bbox 159 4147 205 4220; x_wconf 85' lang='lat' dir='ltr'><strong>qui</strong></span> <span class='ocrx_word' id='word_1_293' title='bbox 215 4163 242 4218; x_wconf 90' lang='lat' dir='ltr'><strong>p.</strong></span> <span class='ocrx_word' id='word_1_294' title='bbox 250 4147 314 4200; x_wconf 76' lang='lat'><strong>³77.</strong></span> <span class='ocrx_word' id='word_1_295' title='bbox 333 4144 405 4198; x_wconf 91' lang='lat' dir='ltr'><strong>idem</strong></span> <span class='ocrx_word' id='word_1_296' title='bbox 416 4143 489 4216; x_wconf 86' lang='lat' dir='ltr'><strong>quod</strong></span> <span class='ocrx_word' id='word_1_297' title='bbox 505 4159 555 4196; x_wconf 88' lang='lat' dir='ltr'><strong>nos</strong></span> <span class='ocrx_word' id='word_1_298' title='bbox 571 4141 729 4196; x_wconf 88' lang='lat' dir='ltr'><strong>coniecerat</strong></span> <span class='ocrx_word' id='word_1_299' title='bbox 800 4141 845 4194; x_wconf 85' lang='lat'><strong>90.</strong></span> <span class='ocrx_word' id='word_1_300' title='bbox 857 4140 993 4213; x_wconf 77' lang='grc' dir='ltr'><strong><em>βρώσεως]</em></strong></span> <span class='ocrx_word' id='word_1_301' title='bbox 1005 4138 1129 4211; x_wconf 78' lang='grc' dir='ltr'><em>γνώσεως</em></span> <span class='ocrx_word' id='word_1_302' title='bbox 1140 4135 1161 4192; x_wconf 85' lang='lat' dir='ltr'>C</span> <span class='ocrx_word' id='word_1_303' title='bbox 1174 4133 1212 4191; x_wconf 80' lang='lat' dir='ltr'><strong>M.</strong></span> <span class='ocrx_word' id='word_1_304' title='bbox 1233 4133 1312 4190; x_wconf 89' lang='lat' dir='ltr'><strong>Sicut</strong></span> 
     </span>
    </p>
   </div>
   <div class='ocr_carea' id='block_1_6' title="bbox 155 4224 1313 4492">
    <p class='ocr_par' dir='ltr' id='par_1_8' title="bbox 155 4224 1313 4492">
     <span class='ocr_line' id='line_1_36' title="bbox 159 4224 1311 4304; baseline -0.012 -11"><span class='ocrx_word' id='word_1_305' title='bbox 159 4255 210 4293; x_wconf 91' lang='lat' dir='ltr'><strong>nos</strong></span> <span class='ocrx_word' id='word_1_306' title='bbox 229 4239 312 4292; x_wconf 76' lang='lat' dir='ltr'><strong>edam</strong></span> <span class='ocrx_word' id='word_1_307' title='bbox 332 4235 488 4292; x_wconf 80' lang='lat' dir='ltr'><strong>Bussenius</strong></span> <span class='ocrx_word' id='word_1_308' title='bbox 509 4233 629 4290; x_wconf 87' lang='lat' dir='ltr'><strong>coniecit</strong></span> <span class='ocrx_word' id='word_1_309' title='bbox 647 4234 666 4288; x_wconf 90' lang='grc'><strong>1.</strong></span> <span class='ocrx_word' id='word_1_310' title='bbox 685 4233 703 4287; x_wconf 85' lang='lat' dir='ltr'><strong>l.</strong></span> <span class='ocrx_word' id='word_1_311' title='bbox 723 4250 750 4304; x_wconf 92' lang='lat' dir='ltr'><strong>p.</strong></span> <span class='ocrx_word' id='word_1_312' title='bbox 770 4233 825 4288; x_wconf 79' lang='lat'><strong>³78</strong></span> <span class='ocrx_word' id='word_1_313' title='bbox 932 4233 1070 4303; x_wconf 74' lang='grc' dir='ltr'><strong><em>λνορρίζον</em></strong></span> <span class='ocrx_word' id='word_1_314' title='bbox 1087 4224 1157 4283; x_wconf 83' lang='lat' dir='ltr'><strong>rdC</strong></span> <span class='ocrx_word' id='word_1_315' title='bbox 1265 4227 1311 4280; x_wconf 78' lang='lat' dir='ltr'><strong>st.</strong></span> 
     </span>
     <span class='ocr_line' id='line_1_37' title="bbox 155 4318 1312 4388; baseline -0.012 -2"><span class='ocrx_word' id='word_1_316' title='bbox 155 4322 322 4386; x_wconf 76' lang='lat' dir='ltr'><strong>’ludrucoC</strong></span> <span class='ocrx_word' id='word_1_317' title='bbox 458 4328 573 4383; x_wconf 80' lang='lat'><strong>93-1.</strong></span> <span class='ocrx_word' id='word_1_318' title='bbox 607 4323 649 4381; x_wconf 85' lang='lat' dir='ltr'><strong>Cl.</strong></span> <span class='ocrx_word' id='word_1_319' title='bbox 675 4342 737 4380; x_wconf 87' lang='lat' dir='ltr'><strong>curn</strong></span> <span class='ocrx_word' id='word_1_320' title='bbox 767 4325 809 4380; x_wconf 88' lang='lat' dir='ltr'><strong>bis</strong></span> <span class='ocrx_word' id='word_1_321' title='bbox 835 4324 1041 4381; x_wconf 67' lang='lat' dir='ltr'><strong>Isensium.</strong></span> <span class='ocrx_word' id='word_1_322' title='bbox 1067 4321 1087 4388; x_wconf 89' lang='lat' dir='ltr'><strong>l,</strong></span> <span class='ocrx_word' id='word_1_323' title='bbox 1110 4323 1153 4385; x_wconf 81' lang='lat'><strong>27,</strong></span> <span class='ocrx_word' id='word_1_324' title='bbox 1181 4321 1203 4386; x_wconf 88' lang='lat' dir='ltr'><strong>l,</strong></span> <span class='ocrx_word' id='word_1_325' title='bbox 1233 4318 1312 4374; x_wconf 84' lang='lat' dir='ltr'><strong>cuius</strong></span> 
     </span>
     <span class='ocr_line' id='line_1_38' title="bbox 159 4411 1313 4492; baseline -0.011 -12"><span class='ocrx_word' id='word_1_326' title='bbox 159 4422 280 4489; x_wconf 84' lang='lat' dir='ltr'><strong>Graeca,</strong></span> <span class='ocrx_word' id='word_1_327' title='bbox 300 4440 334 4476; x_wconf 88' lang='lat' dir='ltr'><strong>ex</strong></span> <span class='ocrx_word' id='word_1_328' title='bbox 351 4419 476 4476; x_wconf 89' lang='lat' dir='ltr'><strong>Eusebio</strong></span> <span class='ocrx_word' id='word_1_329' title='bbox 496 4428 603 4492; x_wconf 84' lang='lat' dir='ltr'><strong>sumpta</strong></span> <span class='ocrx_word' id='word_1_330' title='bbox 621 4427 801 4490; x_wconf 77' lang='lat' dir='ltr'><strong>veteremque</strong></span> <span class='ocrx_word' id='word_1_331' title='bbox 818 4417 975 4472; x_wconf 72' lang='lat' dir='ltr'><strong>versionem</strong></span> <span class='ocrx_word' id='word_1_332' title='bbox 999 4414 1084 4470; x_wconf 86' lang='lat' dir='ltr'><strong>textui</strong></span> <span class='ocrx_word' id='word_1_333' title='bbox 1108 4411 1313 4484; x_wconf 71' lang='lat' dir='ltr'><strong>supposuimus»</strong></span> 
     </span>
    </p>
   </div>
   <div class='ocr_carea' id='block_1_7' title="bbox 159 4512 824 4580">
    <p class='ocr_par' dir='ltr' id='par_1_9' title="bbox 159 4512 824 4580">
     <span class='ocr_line' id='line_1_39' title="bbox 159 4512 824 4580; baseline -0.006 -11"><span class='ocrx_word' id='word_1_334' title='bbox 159 4524 187 4571; x_wconf 83' lang='lat' dir='ltr'><strong>sl</strong></span> <span class='ocrx_word' id='word_1_335' title='bbox 206 4513 376 4570; x_wconf 77' lang='lat' dir='ltr'><strong>Theodorei.</strong></span> <span class='ocrx_word' id='word_1_336' title='bbox 414 4515 495 4568; x_wconf 77' lang='lat' dir='ltr'><strong>Haec.</strong></span> <span class='ocrx_word' id='word_1_337' title='bbox 513 4514 597 4580; x_wconf 73' lang='lat' dir='ltr'><strong>[obul.</strong></span> <span class='ocrx_word' id='word_1_338' title='bbox 620 4512 642 4576; x_wconf 87' lang='lat' dir='ltr'><strong>l,</strong></span> <span class='ocrx_word' id='word_1_339' title='bbox 662 4512 698 4566; x_wconf 72' lang='lat'><strong>24</strong></span> <span class='ocrx_word' id='word_1_340' title='bbox 821 4545 824 4550; x_wconf 38' lang='grc' dir='ltr'><strong><em>ι</em></strong></span> 
     </span>
    </p>
   </div>
   <div class='ocr_carea' id='block_1_8' title="bbox 0 0 1533 4984">
    <p class='ocr_par' dir='ltr' id='par_1_10' title="bbox 0 0 1533 4984">
     <span class='ocr_line' id='line_1_40' title="bbox 0 0 1533 4984; baseline 0 0"><span class='ocrx_word' id='word_1_341' title='bbox 0 0 1533 4984; x_wconf 95' lang='lat' dir='ltr'><strong> </strong></span> 
     </span>
    </p>
   </div>
  </div>
 </body>
</html>
