3052 4984
578 335 737 400 lldllClON.
767 337 904 397 l’lllll'ON.
1253 335 1316 402 395

174 507 255 570 enim
276 503 351 568 nihil
373 505 403 568 in
427 505 592 588 euangelio
615 505 708 570 llarci
732 507 875 588 scriptum
900 501 974 587 esti,
1006 503 1063 568 sed
1094 507 1315 591 Empedoclem

174 613 309 678 lletonis
339 612 593 698 Agrigentinum,
623 633 713 696 quem
745 615 883 697 expilans
913 612 952 675 ad
980 611 1041 675 hoc
1071 633 1170 696 usque
1198 621 1318 698 tempos

175 719 359 802 opinabatur
391 719 501 804 iugero
535 738 643 784 omnes
676 737 747 783 sese
781 721 1011 804 dispositionem
1047 723 1212 788 uniuersae
1244 741 1320 787 suae

175 826 314 891 haeresis
335 845 353 890 a
375 825 476 890 Sicilia
498 827 529 889 in
554 827 750 911 evangelicos
772 829 909 894 rationes
937 825 1107 896 tronslerre
1137 832 1211 912 ipsis
1243 847 1320 892 uer-

177 933 235 999 bis.
278 933 349 1018 Age
371 934 471 1012 euim,
502 933 696 1019 ollarcion,
726 937 816 1001 sicuti
846 934 1139 1016 contrapositionem
1166 935 1319 998 instituisti
1328 935 1359 985 ³⁰

176 1039 250 1104 boni
273 1044 304 1104 et
325 1039 413 1122 mali,
436 1047 657 1124 contraponam
687 1049 718 1106 et
746 1044 813 1125 ipso
841 1041 951 1124 hodia,
989 1046 1114 1104 secutus
1141 1044 1208 1125 tua,
1240 1057 1320 1122 quae

178 1147 329 1232 opinaris,
353 1146 506 1232 dogmata.
560 1148 760 1234 Demiurgum
794 1151 839 1215 ais
874 1148 977 1213 muudi
1005 1163 1076 1212 esse
1106 1145 1321 1222 malum;.ex-

175 1252 249 1318 inde
278 1271 383 1318 nonne
414 1255 572 1320 erubescis
600 1255 795 1340 Empedoclis
830 1255 985 1320 doctrinas
1018 1254 1180 1318 ecclesiam
1207 1259 1238 1317 te
1262 1251 1321 1317 do-

177 1361 272 1426 cere?
316 1361 433 1426 Bonum
457 1381 528 1427 csse
550 1363 595 1428 ais
619 1363 710 1429 deum
734 1363 951 1429 dissolventem
981 1360 1133 1446 demiurgi
1162 1360 1323 1445 figmento3

177 1469 291 1558 exinde
315 1487 377 1534 non
402 1479 508 1552 operte
530 1471 725 1552 Empedoclis
755 1473 916 1537 amicitiam
953 1470 1106 1554 evangelii
1136 1468 1208 1533 loco
1244 1475 1361 1550 pro-to

177 1576 273 1640 literis
296 1587 400 1641 c'oram
422 1577 475 1662 iis,
511 1580 561 1660 qui
594 1578 719 1642 auribus
751 1577 907 1660 accipiunt
932 1575 1045 1641 bonum
1069 1575 1179 1639 tuum?
1229 1575 1323 1638 Vetas

178 1685 313 1770 nubere,
336 1685 452 1750 liberos
474 1703 659 1770 procreare,
683 1686 841 1751 abstinere
865 1706 882 1750 a
905 1686 999 1769 cibis,
1029 1700 1107 1767 quos
1131 1684 1208 1748 deus
1230 1701 1323 1748 creo-

179 1793 222 1854 vit
244 1789 281 1854 ad
312 1793 542 1875 percipiendum
573 1793 714 1859 fidelibus
745 1802 775 1857 et
806 1794 853 1858 his
885 1794 936 1875 qui
963 1798 1178 1874 cognoverunt
1205 1793 1325 1855 uerita-

178 1903 256 1977 tem;
293 1897 488 1980 Empedoclis
518 1897 596 1964 lates
634 1901 833 1965 lustrationes
869 1899 1016 1964 docens?
1078 1901 1209 1966 Secutus
1244 1899 1323 1960 enim

178 2021 290 2086 reapse
312 2022 370 2087 per
393 2009 494 2072 omnia
516 2007 599 2072 hunc
627 2008 711 2073 cibos
741 2027 890 2074 recusare
919 2009 1016 2073 duces
1050 2004 1216 2088 discipulos
1243 2010 1364 2087 tuos‚to

179 2128 218 2174 ne
238 2120 405 2176 vescantur
426 2132 561 2198 corpore
584 2115 703 2201 aliquo,
739 2115 821 2200 quod
845 2115 997 2196 reliquum
1020 2114 1059 2176 sit
1081 2114 1200 2176 animae
1224 2129 1241 2174 a
1265 2109 1325 2174 de·
1408 2147 1411 2152 -

179 2219 301 2304 miurgo
324 2221 460 2303 punitae.
517 2222 619 2287 Solvis
646 2242 663 2286 a
694 2220 753 2286 deo
782 2222 960 2287 consociata
988 2219 1180 2284 matrimonia
1209 2217 1327 2299 Empe-

180 2324 276 2392 doclis
306 2335 430 2395 secutus
462 2329 651 2416 doctrinam,
683 2337 715 2394 ut
747 2331 801 2394 tihi
832 2335 1036 2394 conservetur
1064 2327 1216 2422 amicitiae
1249 2341 1327 2408 opus

179 2454 272 2500 unum
306 2436 514 2502 indiscretum.
578 2438 734 2502 Discernit
769 2439 848 2501 enim
891 2435 1115 2500 matrimonium
1157 2433 1326 2496 secundum

179 2543 396 2626 Empedoclem
420 2546 449 2609 id
474 2545 558 2628 quod
581 2563 674 2610 onum
706 2552 753 2608 est
782 2552 813 2609 et
841 2545 913 2608 iacit
941 2544 1049 2627 multa,
1081 2543 1159 2605 sicut
1192 2538 1365 2606 demon-tt

179 2653 352 2715 stravimus.

265 2764 317 2830 31.
362 2766 447 2852 Ergo
478 2767 605 2852 primam
629 2772 659 2830 et
689 2769 820 2830 maxime
848 2782 1027 2851 germanum
1053 2763 1219 2828 Marcionis
1246 2761 1327 2826 hae-

180 2874 280 2956 resin,
312 2891 351 2936 er
383 2874 466 2938 bono
490 2883 520 2939 et
542 2873 623 2938 malo
654 2873 832 2957 conlatam,
864 2871 1100 2955 Empedocleam
1133 2889 1205 2935 esse
1236 2870 1327 2936 nobis

181 2980 370 3045 declaratum
394 2989 450 3046 est.
495 2983 645 3056 Quoniam
670 2989 771 3046 autem
794 2981 855 3044 loc
878 2987 985 3045 nostro
1008 2995 1086 3042 aeuo
1116 2977 1190 3040 noui
1213 2975 1326 3056 aliquid

182 3093 212 3150 el
242 3087 408 3150 mirabilius
440 3096 570 3152 conatus
600 3094 647 3151 est
676 3087 873 3152 Marcionista
906 3085 1028 3168 quidam
1056 3085 1181 3149 nomine
1207 3083 1367 3165 Preponto

182 3193 345 3280 Assyrius,
375 3197 425 3277 qui
456 3194 493 3260 ad
523 3193 741 3260 Bardesianem
775 3194 953 3257 Armenium
983 3192 1098 3275 scripto
1129 3190 1203 3255 iecit
1234 3189 1328 3254 verbs

182 3301 222 3364 de
244 3301 384 3388 haeresi,
409 3321 448 3367 ne
471 3302 532 3367 hoc
555 3303 678 3386 quidem
700 3302 806 3367 silebo.
858 3301 990 3365 Tertium
1021 3300 1180 3382 professus
1209 3298 1329 3381 princi-

181 3495 252 3553 Novi
270 3493 402 3552 Foederis
421 3513 555 3553 cunonem
574 3495 766 3568 complectitor
784 3494 951 3550 uniuersum.
1095 3491 1141 3548 28.
1160 3486 1250 3566 otidis]
1269 3488 1330 3545 οὐδὲ

182 3587 203 3644 C
349 3590 415 3644 sassi
432 3587 518 3646 omC
662 3584 846 3665 ooqnnonof]
865 3585 979 3641 Rectius
1000 3586 1131 3645 Μέτωνος.
1164 3580 1207 3638 Cl.
1228 3581 1329 3638 Sturuii

181 3681 344 3755 Empedocl.
363 3700 390 3754 p.
404 3685 430 3740 4.
574 3684 620 3738 36.
638 3679 795 3757 ἐγκαλύπτῃ]
814 3674 1030 3754 ἐγκαταλιλτττηῦ
1150 3677 1194 3732 38.
1220 3676 1266 3731 slr'
1287 3676 1330 3747 nd]

181 3780 206 3832 el
222 3777 268 3831 md
285 3774 322 3832 C:
351 3779 405 3831 ιλτο
424 3772 454 3831 Μ
607 3771 807 3848 οιλαγγιλὴζηῦ
962 3770 1079 3827 stt-41.
1103 3766 1146 3825 (ll.
1177 3767 1330 3825 l'l’imotlr.

181 3869 208 3931 t,
219 3867 253 3922 3.·
271 3866 427 3921 κωλυόντων
440 3869 547 3939 γαμεῖν,
567 3865 716 3938 ἀντέχεσθαι
733 3862 896 3937 βρωμάτων,
914 3857 932 3916 d
950 3861 1001 3934 (τίο
1020 3876 1053 3932 pr
1072 3857 1108 3927 C,
1127 3850 1166 3914 ὦν
1182 3875 1245 3914 corr
1264 3855 1295 3932 C)
1316 3857 1331 3914 d

181 3959 245 4021 θοός
271 3961 368 4014 ἔκτισεν
395 3961 432 4020 εἰς
457 3957 605 4032 μετάληψιν
631 3957 698 4033 μετὰ
724 3956 892 4029 εὐχαριστίας
922 3958 976 4015 τοῖς
1009 3957 1112 4014 πιστοῖς
1140 3952 1187 4007 καλ
1216 3954 1331 4024 ἐπιγνω-

180 4052 256 4108 κόσιν
279 4051 325 4119 τὴν
349 4051 477 4119 ἀλήθειαν
499 4037 527 4105 κ.
545 4053 607 4106 τ.λ.
760 4048 806 4104 ts.
834 4043 1034 4122 πεπολισμένης]
1058 4045 1106 4100 καλ
1128 4039 1331 4118 κολασμὲνηςῦ

183 4145 229 4201 52.
245 4143 318 4199 Ἐπεὶ
334 4140 374 4220 δι’]
386 4143 450 4197 ’End
466 4143 495 4198 δὲ
514 4139 536 4197 C
687 4141 732 4196 53.
751 4135 914 4215 κοινότερόν]
937 4137 1080 4209 κτναλτορόν
1099 4134 1121 4192 C
1252 4143 1332 4207 Μαρ·

181 4235 318 4305 κιωνιστῆς
333 4233 381 4314 τις]
399 4239 538 4308 Μαρκίων,
557 4234 644 4302 νῆοτλς
660 4253 699 4295 τις
718 4229 739 4287 C
759 4229 788 4286 Μ
797 4272 804 4298 ,
824 4231 870 4306 qul
889 4247 940 4302 pto
957 4234 1090 4302 Μαρκίων
1108 4227 1255 4299 legendum
1267 4243 1329 4282 esso

183 4339 295 4386 censet:
315 4333 479 4401 Megadorus
603 4327 648 4381 53.
664 4327 707 4380 54.
724 4320 868 4400 Ἀσσύριος]
887 4318 1039 4395 ἂσύριοςῦ
1175 4321 1220 4374 st.
1240 4317 1330 4374 Prima

183 4421 274 4476 littera
294 4419 412 4474 nominis
431 4420 515 4493 Bnpd.
536 4435 627 4474 exosa.
652 4416 682 4473 M
832 4412 954 4491 ποιήσας]
968 4412 1004 4504 E.
1022 4411 1150 4468 Scottum
1168 4410 1333 4478 ποιήσασθαι

184 4521 205 4579 C
228 4519 257 4578 lt
272 4520 407 4579 .Latetne
426 4521 456 4577 in
474 4525 524 4576 θοι
549 4538 679 4577 numerus
696 4519 845 4586 librorum,
862 4517 948 4574 ueluti
965 4517 1006 4570 dl
