3056 4970
628 319 794 377 Sll'l’lllAlll.
895 319 910 342 ⁹
1226 315 1287 380 201

147 487 265 552 babere
296 493 476 571 potestates.
524 485 599 550 Cum
630 491 730 551 autom
754 492 923 568 potestates
951 488 1071 572 dicunt,
1093 496 1214 571 reputet
1237 491 1288 571 qui

146 596 232 659 audit
252 595 313 660 boc
334 612 391 658 eos
416 595 531 658 dicero.
582 593 796 676 Quodcunque
819 595 999 676 cognitione
1021 599 1206 680 cognoscis,
1240 596 1289 660 vel

146 702 229 768 loric
260 703 478 785 praetermittis
508 702 715 786 incognitum,
754 701 816 764 boc
846 702 1085 784 unumquodque
1116 703 1289 786 principio-

147 827 216 873 rum
239 809 307 872 beri
329 815 440 893 potest,
463 809 549 873 utin
572 806 702 872 bumana
726 809 826 871 anima
848 810 947 871 omnis
973 825 1053 890 quae
1076 808 1206 874 docetur
1228 827 1288 895 ars,

151 915 255 1000 veluti,
275 917 388 1000 inquit,
412 915 523 979 evadet
544 914 594 978 bic
617 914 718 980 inians
739 914 853 978 tibicen
877 933 935 997 per
956 921 1076 996 tempus
1098 933 1173 979 usus
1195 917 1288 979 insti·
1298 929 1329 981 10

149 1131 297 1210 malicus,
327 1127 417 1191 faber
438 1126 531 1210 labri,
562 1134 591 1190 et
613 1129 645 1192 lu
668 1135 840 1192 ceterarum
865 1127 998 1191 omnium
1023 1130 1129 1192 artium
1154 1147 1289 1193 consor-

150 1237 225 1299 tium
248 1234 396 1300 adductus
419 1234 557 1298 similiter
578 1232 677 1298 cadet.
723 1234 944 1316 Principiorum
965 1241 1076 1320 autern,
1099 1237 1207 1321 inquit,
1229 1253 1290 1298 na-

147 1349 237 1406 turae
265 1342 318 1404 lux
348 1349 380 1406 et
409 1340 579 1424 tenebrae,
609 1340 715 1403 barum
738 1347 839 1404 autem
863 1341 1062 1406 intermedius
1083 1344 1207 1424 spiritus
1230 1343 1289 1405 im-

149 1449 328 1531 permixtos.
381 1447 509 1528 Spiritus
539 1453 639 1510 autem
667 1447 868 1512 intermedius
891 1449 1009 1530 positus
1032 1451 1113 1512 inter
1134 1449 1290 1534 tenebras,
1300 1459 1330 1509 te

152 1574 232 1638 quae
254 1561 325 1619 suut
347 1553 447 1639 inira,
482 1562 513 1618 et
535 1553 655 1637 lucem,
678 1571 758 1636 quae
781 1561 829 1618 est
851 1571 959 1638 supra,
993 1572 1057 1617 non
1091 1563 1139 1619 est
1168 1557 1290 1636 spiritus

151 1667 186 1724 ut
207 1660 289 1722 venti
310 1659 358 1722 vis
381 1665 432 1721 aut
453 1659 557 1721 tenuia
580 1655 729 1738 quaedam
753 1675 837 1741 aura,
860 1675 940 1738 quae
961 1659 1068 1722 sentiri
1089 1666 1203 1743 potest,
1234 1659 1292 1724 sed

150 1773 294 1848 tanquam
322 1765 473 1848 unguenti
502 1763 624 1847 quidam
655 1766 733 1829 odor
760 1763 811 1828 vel
837 1763 1002 1829 suffimenti
1025 1783 1065 1828 ex
1087 1766 1218 1830 mixtura
1241 1766 1292 1830 la-

150 1873 268 1958 bricati,
297 1874 408 1956 tenuis,
437 1888 603 1954 permeans
632 1879 769 1955 potestas
792 1871 960 1936 insensibili
983 1873 1113 1953 quadam
1137 1879 1169 1936 et
1192 1870 1293 1935 velue-

152 1981 304 2062 mentiori‚
326 1997 417 2061 quam
442 1997 522 2060 quae
546 1977 649 2042 serbis
672 1979 869 2063 exprimatur,
892 1981 922 2042 vi
946 1978 1149 2045 odoramenti.
1182 1979 1332 2055 onan-ao

153 2087 320 2170 doquldem
349 2092 451 2151 autem
473 2103 567 2166 supra
590 2073 637 2149 est
657 2084 713 2148 lux
735 2092 767 2148 et
787 2084 866 2149 inira
887 2086 1036 2150 tenebrae
1059 2092 1090 2151 et
1110 2087 1218 2151 barum
1241 2088 1294 2149 in-

152 2194 331 2279 termedius,
353 2199 387 2257 ut
409 2189 564 2272 dicebam,
588 2191 620 2254 in
641 2190 722 2256 bunc
744 2193 866 2257 modum
888 2193 1031 2277 spiritus,
1052 2195 1106 2258 lux
1128 2201 1230 2258 autem
1252 2195 1294 2256 ita

152 2309 225 2366 nata
245 2305 308 2384 est,
340 2305 373 2363 nt
398 2305 544 2379 unquam
567 2295 672 2360 radius
694 2296 769 2361 solis
792 2297 927 2381 desuper
948 2299 1107 2364 illucescat
1130 2301 1162 2363 in
1185 2299 1293 2363 subie-

152 2415 218 2473 ctas
240 2406 394 2490 tenebras,
416 2421 525 2468 rursus
548 2410 651 2468 autem
669 2405 792 2485 spiritus
815 2403 1065 2487 odoramentum,
1087 2405 1219 2470 medium
1241 2411 1295 2469 te-

152 2529 233 2578 nens
256 2513 376 2595 locum,
406 2510 589 2593 expanditur
619 2516 651 2575 et
671 2510 769 2574 lemur
790 2511 822 2573 in
845 2528 953 2575 omncs
975 2519 1096 2596 partes,
1119 2517 1153 2575 ut
1173 2513 1204 2576 in
1227 2511 1335 2576 sul-2⁵

153 2621 287 2686 limentis
308 2620 374 2702 igni
398 2619 547 2701 impositis
570 2617 805 2682 odoramentum
826 2616 858 2679 in
881 2635 989 2682 omnes
1011 2623 1116 2700 partes
1138 2633 1212 2681 sese
1232 2616 1295 2680 dil-

154 2728 288 2795 lundens
310 2727 532 2811 cognorimus,
556 2759 597 2772 -
620 2743 688 2788 cum
712 2723 791 2787 baec
812 2725 905 2807 igitur
926 2724 965 2786 sit
986 2730 1125 2805 potestas
1147 2722 1294 2786 trifariam

155 2837 323 2902 divisorum
354 2834 588 2915 principiorum:
620 2831 744 2913 spiritus
774 2836 806 2893 et
825 2829 902 2893 lucis
922 2828 1009 2894 simul
1031 2835 1169 2912 potestas
1193 2835 1240 2893 est
1263 2829 1294 2891 in

154 2942 290 3009 tenebris
310 2939 391 3006 inira
414 2939 480 3021 ipsa
502 2939 617 3020 positis.
666 2936 828 3001 Tenebrae
851 2943 953 2999 autern
976 2943 1047 3000 sunt
1069 2954 1148 3019 aqua
1170 2935 1297 2998 terribi-

153 3051 210 3132 lis,
242 3049 274 3112 in
303 3065 394 3129 quam
420 3045 549 3128 derepta
577 3049 626 3108 est
654 3049 686 3109 et
715 3042 862 3108 translata
889 3043 921 3106 in
948 3043 1040 3106 talem
1064 3048 1204 3107 naturam
1227 3047 1335 3106 cunti

155 3157 263 3239 spiritu
294 3153 357 3219 lux.
411 3152 572 3216 Tenebrae
594 3147 695 3215 au'tem
718 3157 823 3213 mente
844 3165 908 3212 non
931 3155 1038 3212 carent
1060 3147 1118 3212 sed
1139 3147 1297 3230 praeditae

155 3277 283 3345 prorsus
305 3267 385 3342 suut,
408 3264 440 3323 et
460 3263 584 3338 norunt,
603 3257 655 3322 ubi
678 3254 871 3320 abstrabatur
891 3255 944 3318 lux
968 3254 1149 3339 atenebris,
1170 3272 1297 3318 manere

157 3367 303 3432 tenebras
326 3363 491 3446 desolatas,
514 3364 581 3426 sine
602 3361 683 3445 luce,
706 3363 774 3425 sine
797 3359 973 3444 splendore,
995 3362 1063 3426 sino
1085 3362 1125 3441 vi,
1148 3360 1297 3424 sineelli-

158 3477 253 3558 cacia,
266 3472 395 3538 debiles.
433 3471 628 3552 Quapropter
650 3468 734 3534 omni
755 3469 875 3531 ratione
898 3473 929 3530 ot
952 3468 1140 3549 cogitatione
1162 3469 1298 3531 nituntur

158 3583 320 3647 continere
347 3581 378 3642 in
405 3594 477 3643 seso
504 3575 703 3658 splendorem
733 3583 764 3639 et
786 3572 946 3654 scintillam
973 3573 1051 3636 lucis
1078 3592 1146 3638 cum
1175 3574 1338 3656 spiritusti

158 3685 373 3751 odoramento.
428 3683 466 3747 llt
493 3682 603 3746 borum
631 3689 677 3745 est
700 3680 806 3744 videre
829 3687 957 3744 naturae
980 3683 1144 3764 imaginem
1166 3679 1197 3743 in
1221 3681 1299 3745 lacie

157 3793 298 3878 bominis,
319 3789 462 3874 pupillam
485 3787 576 3872 oculi,
598 3786 795 3851 tenebrosam
817 3805 858 3852 er
880 3786 1107 3852 subiacentibus
1131 3789 1236 3874 aqum,
1258 3787 1300 3853 il-

159 3967 199 4026 C:
216 3970 316 4042 aprinos
332 3967 365 4023 ὂν
382 3965 421 4034 M,
440 3965 491 4022 cfr.
511 3985 538 4038 p.
557 3967 618 4034 316,
639 3966 673 4021 66
693 3963 737 4020 etl.
757 3960 809 4019 Ox.
882 3961 910 4016 τὸ
927 3961 956 4016 dt
974 3962 1043 4034 φῶς]
1069 3961 1097 4016 τὸ
1114 3961 1175 4034 pole
1191 3960 1230 4028 M,
1250 3959 1300 4016 clr.

158 4059 229 4115 lralra
248 4061 267 4114 l.
286 4062 305 4114 l.
422 4059 467 4114 76.
499 4057 572 4120 ἀκτὶς
595 4057 680 4127 ittae]
704 4055 737 4123 dri
760 4073 798 4116 aaa
820 4052 895 4122 illico
920 4049 958 4108 G:
989 4053 1021 4120 tt
1037 4071 1075 4115 τις
1092 4051 1163 4121 ἥλιος
1179 4050 1224 4120 Μ,
1250 4052 1299 4106 cfr.

157 4151 229 4208 inlra
248 4169 277 4222 p.
295 4151 358 4216 616,
377 4151 414 4206 64
484 4148 638 4223 sttdpmo]
657 4142 825 4220 lltdpcnstbl
914 4145 958 4200 77.
977 4145 1078 4200 edocte
1096 4145 1209 4218 donnica
1225 4147 1301 4217 ipoc-

157 4239 248 4308 cch,
268 4241 319 4298 clr.
338 4260 365 4313 p.
378 4242 440 4307 316,
456 4242 491 4298 db
605 4241 651 4297 80.
670 4239 847 4313 διῃρημένων]
867 4239 1012 4312 εἰρημένων
1030 4235 1052 4292 C
1069 4234 1108 4303 tl,
1128 4235 1178 4290 clr.
1197 4254 1225 4307 p.
1238 4235 1300 4298 316,

158 4337 194 4392 66
307 4333 353 4390 61.
372 4335 417 4388 aod
433 4328 596 4388 edomat}
709 4331 754 4388 85.
775 4331 858 4401 older]
880 4327 998 4385 caldisC
1111 4328 1157 4384 88.
1180 4327 1217 4387 tls
1240 4326 1302 4380 laa-

157 4427 203 4483 rds
223 4425 245 4484 C
316 4427 362 4486 86.
380 4427 425 4482 ada
442 4425 588 4500 σπινθῆρα]
607 4423 740 4497 σπινθῆρα
760 4419 781 4480 G
798 4419 838 4491 61,
857 4421 907 4478 clr.
927 4438 954 4494 p.
973 4421 1036 4486 617,
1054 4419 1099 4473 76.
