3002 4958
216 347 258 412 ου
302 345 339 430 (ρ.
357 354 408 408 ιο.
435 345 499 429 ιε.)
658 347 753 407 nanu
773 348 860 419 ιν,ο.
882 351 928 404 ιι.

214 517 270 576 τοῦ
292 510 328 575 δὲ
356 515 411 576 τοῦ
438 511 516 586 Διδς
544 510 662 576 κύκλου
688 511 742 575 ἐπὶ
768 513 828 594 χήν
856 508 994 613 σταδίων
1022 507 1178 594 δευτέρων
1208 505 1365 593 ἀριθμῶν

213 625 329 710 μσνάδ.
350 630 447 709 βιιαῖ
466 625 606 714 μυριάδ.
620 623 686 700 σσζ’
708 629 762 687 καί
781 622 929 706 μονάδας
950 607 1021 706 χμς.
1073 620 1140 685 aaa
1163 620 1200 685 δὲ
1220 626 1276 686 τοῦ
1298 642 1365 684 πυ-

216 733 340 832 ρόεντος
368 733 484 799 κύκλου
519 733 574 798 λττῖ
599 737 659 818 χήν
686 730 841 816 δευτέρων
869 728 1024 814 ἀριθμῶν
1052 728 1168 812 μονάδ.
1196 731 1276 810 μίαν
1306 733 1395 808 καί,

214 846 345 933 μυριάδ.
367 868 459 936 χσμα
481 853 535 913 καί
554 844 670 930 μονάδ.
692 870 806 933 ηφπα
859 842 921 948 ἀφ’
939 842 1029 928 ἡλίου
1052 841 1106 906 έπί
1126 847 1186 926 χήν
1207 827 1363 924 δέυτέρων

177 956 368 1044 εοάριθμῶν
395 962 512 1048 μσνὰδ.
538 966 617 1045 μίαν
652 967 706 1024 καῖ
736 959 866 1046 μυριάδ.
889 941 960 1047 βρξ
989 963 1043 1024 καῖ
1069 957 1252 1045 μονάδας
1257 955 1361 1020 δυνδ.

216 1071 282 1137 δπδ
316 1074 352 1138 δέ
383 1081 438 1142 τοῦ
466 1075 652 1157 Στίλβονιυς
685 1074 738 1138 ἐπί
763 1074 818 1159 τήν
847 1077 907 1159 χήν
939 1072 1069 1158 μυριάδ.
1091 1077 1184 1161 εσξη,
1213 1067 1362 1153 μονάδας

215 1191 318 1275 Ιησνθ.
363 1187 430 1252 ἁπδ
453 1187 488 1252 δὲ
507 1186 695 1274 Ἀφροδίτης
716 1187 770 1252 ἐπὶ
791 1191 850 1273 γῆν
870 1186 1001 1273 μυριάδ.
1023 1210 1109 1274 ἐπα,
1132 1184 1248 1270 μσνάδ.
1270 1189 1341 1273 ,ερξ.

304 1296 353 1361 10.
397 1299 477 1382 Περί
508 1294 637 1379 σελήνης
664 1293 700 1357 δὲ
728 1293 847 1380 ἐλέχθη
875 1295 909 1358 τδ
932 1294 1094 1380 πρότερον.
1150 1293 1200 1356 Τά
1221 1297 1281 1376 μέν
1301 1289 1361 1356 οὖν

128 1487 132 1494 .
215 1401 423 1488 άποστήματα
451 1407 505 1465 καί
532 1401 624 1485 βάθη
656 1404 719 1465 τῶν
739 1405 887 1486 σφαιρῶν
908 1401 1007 1475 οὕτως
1024 1399 1213 1486 Ἀρχιμήδης
1240 1398 1361 1463 ἁποδί-

176 1509 326 1586 εεδωσιν,
367 1507 478 1596 ἑτέρως
509 1507 545 1571 δὲ
577 1507 657 1594 ὑπὲρ
698 1507 804 1572 αδτάν
823 1507 988 1592 Ἱππάρχῳ
1022 1509 1141 1593 εἴρηται
1168 1512 1222 1570 καὶ
1249 1505 1362 1590 ἑτέρως

209 1615 415 1702 Ἀπολλωνίῳ
438 1619 481 1702 τῷ
502 1618 728 1700 μαθηματικῷ.
773 1613 868 1698 Ἡμῖν
896 1613 932 1678 δέ
963 1615 1092 1701 έξαρνεῖ
1110 1619 1147 1703 τῇ
1168 1613 1360 1704 Πλατωνική

213 1722 291 1812 δόξη
313 1711 482 1806 ἑπομένοις
503 1720 658 1786 διπλάσια
670 1726 730 1806 μὲν
743 1725 797 1784 καί
817 1721 989 1804 τριπλάσια
1003 1723 1132 1785 οἴεσθαι
1153 1725 1215 1784 τῶν
1227 1720 1361 1784 πλανω-

213 1831 320 1910 μένων
341 1829 380 1891 τὰ
401 1827 463 1892 ἄπ’
485 1827 633 1912 ἁλλήλων
660 1826 871 1912 διαστήματα·
902 1827 1029 1902 σώζεται
1059 1827 1121 1914 χὰρ
1142 1826 1240 1902 οὕτως
1262 1825 1280 1890 ἁ
1302 1826 1361 1891 λά-

212 1957 268 2014 χος
289 1939 344 1996 τοῦ
364 1931 443 1996 καθ’
465 1933 626 2018 ἁρμονίαν
646 1929 833 2013 συγκεῖσθαι
854 1935 889 1997 τὰ
911 1938 980 1998 πᾶν
1000 1932 1037 1998 ev
1057 1933 1359 2018 λάγσιςουμφάνοις

178 2039 295 2110 οσνατὰ
317 2043 416 2102 ταῦτα
436 2039 474 2103 τὰ
498 2037 715 2124 ἀποστήματα.
762 2037 803 2103 Οἳ
825 2039 858 2103 δ’
877 2041 1056 2116 δνιεθέντες
1077 2039 1141 2106 ἁπδ
1152 2039 1361 2127 Ἀρχιμήδους

215 2147 352 2233 άριδμσῖ
373 2151 428 2208 καί
449 2143 513 2210 ἁπδ
536 2149 598 2210 τῶν
620 2145 730 2210 ἄλλων
750 2149 823 2232 περὶ
850 2151 913 2211 τῶν
939 2145 1169 2233 ἀποστημάτων
1196 2147 1360 2231 λεγόμενοι

213 2253 302 2332 λόχοι
323 2254 353 2316 εῖ
373 2253 416 2338 μή
438 2253 474 2317 έν
498 2252 682 2336 συμφάνοις
703 2253 766 2316 είεν
787 2251 908 2333 λόγοις,
938 2257 1072 2318 τουτέστι
1093 2266 1157 2330 τοῖς
1179 2254 1243 2319 ἁπδ
1264 2254 1360 2318 Πλά-

211 2381 308 2434 τωνος
327 2361 503 2446 εἰρημένοις
523 2358 704 2434 διπλασίοις
724 2364 778 2422 καί
796 2359 1007 2446 τριπλασίοις,
1029 2361 1090 2439 ἔξω
1112 2360 1149 2425 δέ
1163 2367 1360 2447 συμφωνιῶν

211 2466 440 2554 εὑρισκόμενοι,
464 2465 522 2531 οδκ
543 2469 586 2530 άν
607 2465 736 2542 σιάζοιεν
761 2469 795 2531 τά
817 2465 895 2530 καθ’
916 2465 1076 2552 ἁρμονίαν
1104 2461 1357 2534 κατεσκευάσθω

177 2577 246 2647 om
269 2579 352 2638 πᾶν·
376 2573 415 2640 οδ
435 2575 498 2660 γάρ
521 2577 668 2638 πιθανόν
690 2572 766 2638 odda
788 2573 925 2639 δυνατδν
947 2575 1052 2656 ἄλοχά
1073 2600 1105 2640 τε
1126 2582 1181 2640 καί
1202 2575 1263 2654 ἔξω
1278 2593 1359 2660 συμ-

213 2687 348 2768 φωνιῶν
382 2687 436 2746 καί
462 2681 661 2768 ἐναρμονίων
691 2681 796 2762 λόγων
824 2681 907 2746 εῖναι
934 2680 1041 2748 αδτσίν
1071 2681 1110 2748 τά
1139 2682 1357 2769 άποσιήματα,

212 2787 296 2877 πλήν
318 2792 393 2865 ἴσως
422 2787 551 2875 σελήνης
571 2789 671 2874 μάνης
699 2788 735 2852 ἐκ
756 2793 819 2852 τάν
848 2787 990 2876 λείψεων
1016 2793 1070 2856 καί
1100 2795 1154 2876 τής
1187 2793 1277 2866 σκιάς
1305 2791 1359 2876 τής

211 2901 282 2982 χής,
306 2901 379 2981 περί
399 2891 436 2981 ής
454 2896 554 2980 μάνης
575 2899 630 2958 καί
650 2895 813 2959 πιστεύσαι
831 2919 876 2971 τις
897 2897 940 2964 δν
953 2894 1127 2986 Ἀρχιμήδη
1143 2895 1357 2976 άποστάσεως,

211 3005 345 3066 τουτέστι
378 3006 433 3088 τῆς
454 3000 637 3086 σεληνιακῆς
667 2998 734 3064 άπδ
760 3004 834 3086 γῆς·
863 3001 977 3086 ταύτην
1009 3001 1063 3091 de!
1079 3003 1212 3086 λαβοῦσι
1240 3001 1358 3090 ῥᾴδιον

191 3107 298 3177 λέσται
319 3109 399 3172 κατὰ
421 3110 456 3172 τδ
478 3107 685 3171 Πλατωνικὸν
706 3104 784 3170 αδτδ
799 3106 838 3170 νδ
859 3107 939 3172 κατά
969 3109 1004 3172 τδ
1025 3109 1196 3174 διπλάσιον
1216 3114 1270 3174 καί
1290 3133 1357 3194 τρι-

211 3215 364 3291 πλάσιον,
387 3212 431 3290 τίς
451 3213 540 3292 άξιοῖ
558 3213 713 3290 Πλάτων,
736 3219 790 3276 καὶ
810 3213 849 3277 τά
871 3213 970 3280 λοιπὰ
992 3214 1198 3302 ἀποστήματα
1222 3215 1356 3303 δριθμῷ

210 3321 404 3406 περιλαβεῖν.
454 3321 496 3384 EI
517 3319 558 3406 δή
584 3320 664 3383 κατὰ
691 3319 746 3384 τὸν
769 3317 960 3406 Ἀρχιμήδην
988 3321 1055 3386 άπδ
1012 3327 1137 3428 -ιής
1164 3323 1357 3410 ἐπιφανείας

209 3438 263 3520 τής
282 3437 339 3519 χής
360 3431 379 3518 ή
403 3431 514 3518 σελήνη
536 3430 691 3518 άφίσνηκε
713 3433 850 3500 σταδίων
870 3436 1001 3523 μυριάδ.
1015 3438 1091 3523 φνδ,
1115 3437 1261 3513 σταδίους
1276 3421 1354 3526 δρλ,

189 3539 329 3626 ορήδιον
348 3539 474 3613 τούτους
494 3539 566 3614 τούς
584 3537 746 3626 δριθμοὰς
768 3542 925 3619 αὔξοντας
946 3545 1027 3608 κατά
1047 3547 1082 3609 τὰ
1104 3544 1276 3611 διπλάσιον
1300 3552 1355 3611 και

208 3647 395 3734 τριπλάσιον
415 3649 470 3710 και
490 3646 529 3710 νά
550 3651 613 3710 των
633 3645 756 3712 λσιπάν
776 3646 881 3731 εὑρεῖν
904 3647 1157 3754 διαστήματα,Ι
1134 3674 1177 3725 ως
1192 3655 1269 3734 μιᾶς
1281 3657 1354 3736 μοί-

209 3778 268 3840 ρας
288 3753 532 3839 λαμβανομένης
551 3756 607 3817 τοῦ
629 3757 691 3818 τάν
713 3753 851 3820 σταδίων
871 3755 1016 3843 άριίῖμοῦ
1045 3755 1139 3834 οὓς
1120 3782 1140 3842 η
1166 3757 1278 3844 σελήνη
1301 3765 1355 3846 τής

206 3865 263 3947 χής
293 3859 477 3945 άφέσιηκεν.
540 3857 605 3922 Οτι
634 3845 669 3923 δε
699 3857 731 3924 οι
760 3859 867 3942 λοιποί
897 3861 1091 3950 άριθμολ“
1062 3887 1093 3929 οι
1120 3862 1179 3928 ὑπ’
1204 3862 1354 3952 Ἀρχιμή-

208 3966 284 4042 δους
316 3970 389 4051 περὶ
416 3969 469 4050 τῆς
504 3962 708 4041 ἀποστάσεως
743 3971 806 4030 τοῖν
847 3967 1067 4052 πλανωμένων
1098 3969 1262 4053 λεγόμενοι
1294 3969 1355 4038 οδκ

171 4076 244 4140 ιοῖυ
271 4071 456 4158 συμφάνσις
483 4069 603 4151 λόχοις,
628 4071 744 4158 ῥᾴδιον
773 4079 910 4153 γνῶναι,
942 4079 1013 4152 πῶς
1043 4077 1148 4159 έχουσι
1180 4077 1262 4163 πρὸς
1292 4076 1354 4142 εἷλε

205 4179 320 4266 λήλσυς
340 4181 395 4242 καί
416 4176 452 4240 έν
473 4179 533 4240 τίσι
554 4175 660 4255 λόγοις
680 4178 740 4241 είσί
769 4181 1039 4266 κατανοήσαντας·
1071 4183 1115 4269 μή
1141 4183 1224 4246 είναι
1252 4181 1288 4244 δὲ
1315 4181 1354 4248 έν

204 4285 345 4375 ἁρμονίᾳ
373 4289 427 4348 καί
457 4283 627 4369 συμφωνίᾳ
660 4289 759 4347 ταῦτα
783 4290 839 4350 τοῦ
865 4287 944 4350 καθ’
971 4289 1131 4376 ἁρμονίαν
1165 4293 1353 4366 συνεστῶτος

275 4473 319 4527 76.
339 4473 383 4528 τοῦ
401 4473 441 4544 δέ]
460 4475 534 4530 τσὰδτ
553 4467 575 4526 G
592 4469 623 4527 Μ
754 4477 798 4529 77.
816 4479 937 4549 μονάδες
955 4474 977 4533 G
995 4475 1025 4534 Μ
1107 4486 1116 4496 “
1139 4481 1185 4536 87.
1204 4480 1271 4541 δόξα
1291 4475 1313 4534 G
