3052 4984
624 345 817 409 cauturus.
1232 338 1295 405 tae
1369 332 1372 341 '

150 510 235 576 tavit.
278 512 396 580 Nautae
419 523 518 608 eqtem
542 524 703 598 postquam
727 517 757 578 in
780 515 911 598 seapbas
937 513 1144 596 desiluerunt,
1173 514 1296 580 lnvltum

152 635 221 682 eum
243 620 433 704 eripuerunt,
457 620 526 687 dum
549 624 584 708 ii,
617 624 720 708 quiin
744 631 827 688 terra
851 629 954 706 erant,
987 639 1096 705 magna
1127 639 1206 686 voce
1229 624 1297 687 cla·

153 727 292 792 mebant:
312 736 344 794 et
365 730 396 794 in
419 729 502 794 buno
522 729 646 796 modurn
669 731 746 796 berc
770 731 899 796 traditus
922 731 1048 794 Romam
1067 729 1217 796 reductus
1239 739 1297 808 est,
1306 734 1336 790 tt

153 854 243 920 quem
275 835 365 902 berna
395 840 425 904 in
455 838 613 920 pistrinum
646 837 740 905 dedit.
797 840 951 922 Tempore
982 845 1083 902 autern
1110 837 1214 920 elapso
1223 889 1232 924 ,
1263 845 1297 902 ut

153 943 234 1009 iorte
264 947 382 1026 evenit,
417 945 528 1010 iratres
560 945 746 1014 accedentes
780 946 1012 1030 Carpophorum
1043 943 1295 1032 adhortabantur,

152 1057 185 1116 ut
206 1035 329 1136 poenae
352 1056 501 1119 eximeret
521 1051 696 1142 fugitivum,
719 1054 858 1119 dicentes
880 1051 1021 1118 confiteri
1044 1069 1113 1116 eum
1137 1069 1172 1116 se
1195 1070 1295 1135 pecu·

153 1160 233 1224 niam
257 1160 337 1244 apud
358 1162 505 1244 quosdam
529 1161 681 1226 conditam
703 1161 831 1228 babere.
876 1159 1095 1245 Carpophorus
1109 1169 1220 1246 autem,
1242 1169 1295 1224 ut-

153 1274 225 1352 pote
248 1268 333 1353 pius,
363 1286 448 1333 surm
478 1288 544 1335 rena
572 1289 607 1336 se
634 1273 774 1336 omittere
807 1270 898 1354 dixit,
935 1269 1074 1350 deposita
1107 1277 1205 1332 autem
1238 1266 1335 1338 sibico

153 1393 246 1440 curae
269 1393 341 1440 esse
365 1413 408 1427 --
429 1378 513 1443 multi
543 1379 623 1443 enim
653 1379 763 1444 flentes
792 1378 821 1440 ei
843 1377 1006 1460 dicebant,
1041 1395 1078 1442 se
1107 1377 1172 1440 eius
1201 1392 1297 1457 prae-

153 1491 239 1549 textu
263 1483 492 1551 concredidisse
515 1485 639 1550 Callisto
669 1504 749 1569 quae
777 1485 1066 1550 concrederent-
1088 1481 1294 1566 precibusque

153 1598 254 1656 motus
276 1593 364 1658 iussit
386 1612 455 1657 eom
478 1592 576 1658 educi.
631 1593 685 1658 llle
716 1602 816 1659 autem
849 1613 917 1658 cum
950 1590 1022 1655 nibil
1050 1588 1181 1654 heberet
1211 1589 1294 1671 quod

154 1681 346 1782 restitueret,
380 1701 538 1766 etiterum
573 1701 723 1786 aufugere
750 1718 812 1764 non
835 1706 941 1782 posset
963 1699 1032 1780 quia
1056 1696 1296 1782 custodiebatur,

154 1809 311 1873 artilicium
340 1808 446 1874 mortis
478 1816 667 1872 commentus
698 1815 761 1894 est,
794 1816 825 1871 et
855 1807 983 1872 sabbato
1013 1805 1159 1870 simulans
1189 1822 1225 1868 ee
1256 1805 1335 1872 adae

153 1915 309 1981 debitores
332 1917 377 1978 ire
400 1917 458 1980 ruit
480 1915 518 1980 ad
540 1925 725 1982 conuentum
751 1916 934 1981 ludaeorum
965 1922 1241 1998 congregatorum,
1266 1923 1298 1979 et

112 2023 136 2056 ·'
153 2024 277 2088 adstans
310 2023 428 2089 turbam
458 2026 538 2088 inter
564 2043 620 2090 eos
643 2024 784 2090 iaciebat
840 2023 884 2086 llll
916 2028 1017 2088 autem
1047 2022 1158 2085 turbati
1189 2021 1226 2084 ab
1257 2039 1295 2084 eo

154 2132 346 2197 contumeliis
378 2133 619 2217 verberibusque
653 2152 722 2197 eum
753 2133 893 2198 allectum
925 2138 1084 2194 truserunt
1105 2130 1142 2194 ad
1166 2130 1294 2193 Fuscia-

153 2261 242 2326 num,
265 2242 452 2324 praelectum
480 2243 575 2308 urbis.
628 2242 867 2324 Responderunt
897 2250 997 2304 autem
1028 2239 1137 2304 baece:
1166 2239 1294 2302 Romani

152 2350 240 2414 nobis
263 2359 484 2414 concesserunt
501 2351 614 2433 patrias
627 2350 716 2435 legas
739 2348 860 2432 publice
875 2347 1066 2425 recitandas3
1092 2348 1152 2410 iste
1164 2364 1240 2412 vero
1256 2347 1292 2408 ad
1304 2358 1333 2411 tt

152 2475 212 2522 nos
246 2457 407 2540 ingressus
444 2457 631 2540 impediebat
663 2475 721 2520 noa
758 2454 944 2539 obturbans,
985 2447 1125 2518 dictitans
1156 2472 1192 2518 se
1223 2471 1294 2518 esse

152 2563 366 2628 Christianum.
390 2565 578 2628 .Foscianus
601 2571 700 2628 autem
724 2581 793 2628 cum
817 2581 873 2646 pro
896 2562 1037 2626 tribunali
1060 2569 1163 2645 esset,
1184 2567 1216 2625 et
1238 2579 1294 2643 per

37 2697 43 2710 “
153 2693 208 2758 ea,
231 2691 311 2756 quae
335 2692 352 2737 a
374 2673 495 2738 ludaeis
525 2672 720 2758 dicebantur,
749 2672 780 2735 in
812 2671 966 2735 Callistum
997 2671 1199 2753 irasceretur,
1230 2686 1292 2732 non

153 2781 249 2846 deluit
280 2781 330 2864 qui
361 2779 560 2863 Carpophoro
587 2797 638 2843 res
668 2787 770 2865 gestas
800 2781 1007 2842 renunciaret.
1062 2777 1091 2840 ls
1123 2784 1223 2840 autem
1255 2777 1292 2838 ad

152 2889 284 2953 tribunal
318 2888 468 2971 praelecti
502 2887 660 2952 festinarit
692 2887 908 2969 clamavitque:
946 2887 1039 2969 Peto,
1075 2884 1198 2948 domine
1230 2883 1334 2950 liu-to

152 2998 274 3082 sciane,
305 3005 398 3060 netu
421 2995 562 3060 attidem
585 2993 718 3080 babeas,
746 3012 807 3059 non
832 2995 912 3059 enim
935 2993 1122 3058 Christianus
1145 2999 1205 3077 cst,
1236 3011 1295 3056 an-

151 3123 216 3172 sam
248 3123 326 3168 vero
355 3107 462 3169 rnortis
494 3106 630 3190 quaerit,
664 3109 825 3187 postquam
865 3106 1024 3186 pecuniam
1052 3103 1124 3166 mibi
1154 3119 1294 3185 magnam

153 3213 303 3296 perdidit,
325 3213 413 3277 sicuti
437 3213 583 3295 probabo.
628 3212 732 3276 ludaei
756 3219 854 3277 aulem
878 3231 946 3275 cum
970 3212 1030 3274 boc
1053 3210 1190 3274 lraudem
1224 3227 1297 3302 esse

153 3321 393 3405 arbitrarentur,
427 3321 514 3404 quasi
546 3320 766 3403 Carpophorus
792 3320 852 3384 boe
877 3327 1040 3404 praetextu
1065 3337 1133 3382 eum
1163 3319 1296 3381 liberare

152 3429 306 3516 studeret,
329 3429 469 3494 intestius
493 3431 583 3492 etiam
605 3429 794 3511 praelectum
816 3426 1028 3491 inclamabant.
1081 3427 1109 3490 ls
1133 3432 1232 3490 autem
1257 3425 1335 3490 abto

151 3539 189 3602 iis
214 3545 331 3622 motus,
354 3536 484 3621 flagellis
510 3555 578 3601 euna
602 3554 726 3601 caesum
749 3535 871 3600 tradidit
892 3538 922 3599 in
950 3533 1102 3599 metallum
1126 3533 1295 3596 Sardiniae.

155 3645 307 3728 Tempore
330 3653 429 3708 autem
453 3646 579 3729 elapso,
609 3663 675 3708 cum
699 3643 748 3706 alii
770 3643 831 3708 illic
854 3650 958 3708 essent
987 3650 1152 3725 martyres,
1181 3641 1303 3705 blancio·

153 3753 262 3817 volens
292 3751 410 3817 lacinus
439 3752 560 3836 aliquod
593 3752 707 3816 bonum
731 3752 850 3836 lacere,
884 3755 996 3834 quippe
1029 3768 1109 3832 quae
1139 3749 1296 3814 Commodi

154 3867 221 3924 erat
243 3859 343 3942 pellex
373 3859 423 3923 dei
455 3878 580 3944 amans,
617 3861 777 3924 arcessivit
805 3860 926 3923 beatum
957 3859 1129 3943 Victorem,
1162 3860 1213 3941 qui
1244 3857 1295 3920 illo

154 3975 297 4050 tempore
320 3967 484 4050 episcopus
515 3968 666 4032 ecclesiae
694 3975 777 4053 orat,
806 3976 838 4032 et
863 3966 1094 4046 sciscitabatur,
1121 3967 1243 4049 quinam
1266 3966 1337 4028 intt

154 4165 196 4222 37.
204 4162 369 4236 ἀπαγγείλας
379 4159 539 4232 Roepcrua:
553 4162 713 4233 ἐπαγγείλας
725 4158 746 4215 C
756 4157 784 4214 Μ
796 4157 962 4215 lluoeeniua.
983 4157 1025 4214 Gi.
1034 4169 1116 4229 cupre
1125 4175 1152 4228 p.
1161 4157 1222 4220 toa,
1232 4157 1258 4211 3.
1268 4157 1294 4210 s.

154 4257 199 4312 39.
224 4255 256 4310 cal
274 4251 354 4331 adro]
373 4249 496 4325 ἓαυτηῖῦ
611 4253 656 4308 45.
675 4271 733 4326 sqq.
774 4250 815 4307 Gi.
836 4271 896 4307 cum
916 4253 958 4306 bia
976 4250 1030 4305 Dio
1050 4249 1127 4306 Gaas.
1143 4251 1160 4303 l.
1182 4245 1295 4302 txxlt.

154 4365 179 4404 o.
199 4348 225 4402 4.
255 4347 403 4418 ‘imprime
420 4346 449 4400 dt
467 4341 532 4411 αὕτη
557 4344 643 4398 πολλά
667 4363 692 4398 π
718 4343 784 4417 ὑπὲρ
808 4345 860 4398 τῶν
887 4344 1055 4416 Χριστιανῶν
1077 4341 1229 4396 σπουδάσαι
1250 4340 1296 4392 καὶ

147 4441 237 4496 ’πολλὰ
262 4439 356 4502 αὐτοὺς
379 4439 589 4512 εὐηργετηκέναι,
616 4435 659 4492 ἅτε
683 4437 729 4492 καὶ
752 4437 826 4509 παρὰ
849 4437 884 4509 rp'i
906 4435 1047 4516 Καμμόδῳ
1071 4439 1125 4493 πᾶν
1153 4433 1296 4513 δυναμένη.

150 4535 194 4595 47.
213 4534 319 4607 παλαιαὶ
338 4531 360 4594 C
502 4530 646 4610 Kopo'd‘ou]
665 4529 839 4611 Καμμόδονῖ
