2920 4982
489 330 697 392 SADDUGAEI.
740 332 865 392 ίῐίῠλίίί.
1190 327 1248 396 491

103 515 240 582 poenam
263 497 505 586 subterfugerim
529 498 674 584 quidquid
698 507 798 564 autem
822 502 1011 586 quaesiverit
1039 511 1071 567 et
1097 503 1253 570 ditescens

106 605 308 686 excelluerit,
341 608 403 673 boc
439 608 602 694 lucrifecit;
641 607 714 672 nihil
743 616 846 673 autern
879 629 988 675 curare
1019 611 1111 676 deuna
1145 627 1292 680 eorumoo

105 732 189 796 guae
218 714 256 778 ad
286 715 426 798 singulos
450 714 589 779 attinent.
645 711 682 776 m
710 714 864 781 Pharisaei
893 718 1016 801 quidem
1045 721 1093 784 sui
1122 721 1254 784 invicem

105 827 359 905 amnicorum,
391 821 564 888 Sadducaei
596 829 696 886 aulem
725 822 942 907 suiipsorum.
997 826 1082 891 Haec
1110 837 1195 896 secta
1223 831 1254 892 in

105 927 245 994 Samaria
268 929 431 995 admodum
454 931 631 1014 praevaluit
676 931 713 996 Et
734 931 792 1014 ipsi
819 949 894 996 vero
925 931 964 996 ad
993 934 1071 1018 legis
1094 955 1255 1001 morasse

106 1037 274 1121 applicent,
307 1037 444 1112 dicamas
468 1045 617 1122 aporiare
644 1057 798 1123 quemque
829 1041 871 1105 ila
904 1041 1029 1130 rivere,
1066 1054 1099 1112 ιιί
1127 1044 1255 1128 pulchre

105 1147 190 1209 vivat
213 1151 244 1210 ct
266 1145 346 1210 filios
367 1149 397 1211 in
421 1151 504 1210 terra
526 1145 691 1228 relinquat.
746 1147 793 1212 Ad
816 1149 984 1232 prophetas
1008 1159 1195 1217 autemnon
1219 1157 1293 1216 seii

106 1252 275 1339 applicant,
297 1273 400 1338 neque
424 1253 463 1317 ad
486 1253 565 1319 ailoe
589 1254 667 1320 alios
688 1257 862 1342 sapientes,
890 1256 950 1320 nisi
973 1258 1073 1323 solum
1096 1259 1134 1324 ad
1159 1259 1255 1324 Mosis

103 1360 225 1446 legem,
248 1361 322 1426 nihil
342 1364 590 1445 interpretantes.
649 1362 734 1428 Haec
761 1365 853 1448 igilur
881 1371 969 1451 sunt,
1001 1385 1081 1450 quae
1114 1374 1147 1432 et
1173 1367 1256 1433 Sad-

107 1467 219 1534 ducaei
241 1469 379 1552 diligunt

195 1573 249 1641 30.
293 1576 443 1651 Quoniam
466 1576 560 1662 igitur
582 1585 613 1641 ea
635 1595 715 1660 quae
738 1578 819 1643 inter
844 1579 978 1647 ludaeos
1005 1586 1076 1645 sunt
1105 1579 1256 1646 differen-

107 1686 165 1749 tias
188 1685 405 1770 exposuimus,
435 1703 614 1769 congruens
646 1686 720 1749 mibi
750 1688 988 1772 emendetur,
1019 1689 1111 1753 eliam
1141 1689 1277 1754 culturae

110 1811 218 1856 eorum
254 1793 388 1856 divinum
418 1775 539 1857 silentio
569 1810 632 1856 non
663 1795 917 1874 praetermittere.
970 1795 1027 1860 Est
1053 1797 1145 1879 igitur
1173 1797 1254 1880 opud

108 1899 241 1966 ludaeos
278 1902 309 1963 in
344 1901 523 1964 universum
552 1899 690 1963 doorrinu
722 1902 762 1965 de
799 1902 879 1966 cultu
913 1902 1016 1968 divino
1048 1905 1253 1988 quadruplex:

109 2007 303 2093 theologica,
334 2007 496 2091 naturalis,
530 2007 671 2092 moralis,
701 2009 886 2095 hierargica.
942 2011 981 2075 Εῑ
1010 2009 1101 2075 deum
1133 2011 1255 2094 quidem

108 2133 201 2180 unuin
226 2116 418 2200 esconium,
447 2123 476 2180 et
500 2115 641 2200 opificem
663 2117 799 2180 universi
823 2123 854 2180 οί
876 2117 1050 2202 dominum,
1074 2121 1125 2202 qni
1146 2119 1280 2185 iecerito

108 2226 479 2310 nniversa,curnan1ca
508 2243 571 2290 non
599 2225 727 2310 fuerint,
762 2243 867 2308 neque
898 2245 938 2290 ex
967 2226 1145 2292 subiacente
1176 2247 1256 2310 qua-

110 2331 178 2398 dam
202 2333 370 2399 substantio
393 2351 530 2418 coaeva,
553 2334 607 2396 sed
633 2335 740 2399 volens
765 2340 796 2398 at
819 2352 946 2421 cruens,
977 2342 1007 2399 el
1030 2354 1100 2401 esse
1125 2337 1257 2422 angelos

110 2459 230 2524 eosque
253 2441 352 2506 iactos
375 2441 413 2504 ad
437 2441 667 2506 ministrandum
691 2441 785 2506 rebus
809 2445 1256 2528 creetis‚verumessee1iam

110 2550 247 2631 spirirum
271 2547 424 2632 quendam
448 2555 602 2631 potentem
626 2548 664 2614 ad
688 2550 906 2615 celebrandum
925 2559 956 2616 et
973 2552 1157 2618 laudandum
1176 2555 1256 2638 apud

110 2657 200 2722 deam
224 2675 348 2739 semper
371 2665 617 2739 permanendam
640 2659 742 2722 omnia
764 2665 866 2724 autem
888 2659 918 2723 in
940 2659 1034 2725 rebus
1052 2663 1165 2726 creatis
1178 2673 1295 2728 sen-ao

111 2783 177 2829 suna
200 2763 333 2848 babere,
357 2764 493 2846 nihilque
518 2783 588 2829 esse
610 2765 754 2830 inanime.
807 2767 844 2832 m
874 2767 1011 2832 moribus
1042 2769 1167 2835 student
1195 2770 1257 2834 ίιο-

112 2873 208 2938 nestis
231 2873 455 2956 modernoque
478 2875 576 2956 vitae,
611 2875 701 2938 sicuti
723 2893 763 2938 ex
785 2874 907 2958 legibus
941 2894 1138 2962 cognoscere
1175 2878 1256 2944 iicet.

111 2983 196 3048 Haeo
219 2988 318 3046 autem
344 2983 414 3047 olim
438 2989 582 3047 accurate
605 2981 729 3048 deonna
752 2991 842 3048 erant
865 2982 946 3065 apud
969 2985 1072 3071 ipsos,
1103 2986 1154 3068 qui
1176 2987 1259 3052 anti·

112 3091 223 3176 quitus,
246 3110 310 3156 non
334 3107 434 3173 nuper
456 3090 556 3175 legem
581 3089 722 3155 traditam
745 3099 948 3176 acceperunt,
969 3093 1011 3158 ita
1031 3102 1063 3156 ιιι
1076 3093 1176 3159 lector
1189 3103 1258 3159 sio-

111 3207 218 3284 peacat
239 3201 270 3262 in
294 3208 376 3265 tanta
400 3198 552 3264 modestia
585 3205 617 3261 et
645 3206 788 3264 accurata
819 3199 978 3284 diligentia
1001 3218 1118 3292 morum
1141 3201 1296 3268 hominiis

112 3307 184 3390 lege
211 3314 399 3373 sanctorum.
456 3307 670 3390 Hierurgicum
701 3316 802 3372 autem
834 3309 1032 3374 ministerium
1062 3328 1258 3393 summopere

114 3415 264 3481 excultum
288 3422 336 3480 cst
358 3414 438 3496 apud
462 3433 534 3497 eos,
558 3413 705 3478 decenter
727 3417 842 3480 numini
864 3417 969 3480 divino
985 3419 1259 3501 accommodatum,

113 3526 201 3588 siculi
224 3525 261 3589 iis
284 3527 337 3606 qai
360 3525 480 3608 volunt,
504 3526 529 3587 si
552 3524 680 3606 librum,
709 3523 760 3604 qui
785 3522 824 3587 dc
848 3525 893 3587 his
915 3523 1009 3588 rebus
1032 3527 1110 3608 agit,
1142 3527 1259 3610 legunt,

115 3815 293 3896 ἀσκοῦντες,
316 3815 550 3882 Σαδδουκαίων
572 3816 607 3882 δὲ
631 3823 686 3880 καὶ
707 3818 788 3904 πρδς
810 3813 968 3901 ἀλλήλους
988 3815 1023 3880 cd
1045 3813 1259 3904 ἦθοςάγριοί-

115 3947 220 4013 τερον,
252 3930 290 3990 αί
316 3947 348 3990 το
379 3925 536 4010 ἐπιμιξίαι
565 3924 645 4013 πρδς
676 3926 747 4002 τους
775 3923 906 4010 ὁμοίους
927 3924 1077 4012 ἀπρνιίς,
1109 3925 1152 4002 ὥς
1180 3928 1261 4010 πρὸς

116 4032 309 4118 ἀλλοτρίους.
356 4036 498 4098 Τοιαῦτα
517 4037 578 4118 μὲν
599 4039 672 4122 περὶ
692 4038 756 4099 τῶν
783 4033 819 4098 ἐν
844 4031 1010 4111 Ἰουδαίοις
1040 4034 1261 4122 φιλοσοφούν-

114 4164 175 4208 των
195 4141 282 4224 είχον
308 4141 419 4208 ainata.

114 4361 285 4434 παραμένον·
302 4359 344 4430 ad]
362 4361 569 4433 παραμένοντα·
588 4356 610 4415 G
629 4358 659 4416 Μ
787 4359 833 4414 21.
852 4359 897 4412 22.
922 4357 986 4428 παρ’
1012 4355 1114 4421 αὐτοῖς,
1134 4355 1261 4429 ἀρχῆθεν,

115 4455 146 4510 οδ
163 4454 256 4509 νεωστί
276 4451 429 4526 Sauppius=
447 4453 522 4527 παρὰ
540 4458 594 4516 τοῖς
611 4453 729 4527 ἀρχῆθεν
748 4453 834 4509 vacari
853 4449 874 4506 C
893 4449 940 4517 Μ,
964 4451 1011 4523 qui
1041 4450 1069 4504 iu
1094 4449 1148 4505 hoo
1176 4451 1260 4507 verbo

116 4549 201 4604 latere
228 4546 386 4620 suspicatur
409 4547 437 4601 ίν
456 4546 514 4619 δρα
