3002 4958
598 317 796 376 nstitutout.
1228 309 1268 376 Sl

120 499 176 563 pro
201 481 382 564 horoscopo
407 481 569 548 habebitur
591 485 770 568 declinatio,
805 484 844 547 ab
876 483 971 548 altera
1005 489 1092 564 pario
1123 484 1182 546 erit
1216 481 1268 544 ubl

119 591 298 674 successio,
323 593 425 673 prouti
447 591 517 654 loca
540 593 571 654 in
594 600 794 674 conspectum
818 591 930 655 cadunt
960 591 1009 654 vel
1042 591 1187 674 editiora,
1219 590 1269 654 vel

118 697 336 778 depressiora:
360 707 548 782 quapropter
571 702 661 764 etiam
686 701 723 764 ab
748 700 806 763 bac
826 707 914 782 parte
929 717 991 762 non
1009 707 1183 762 accuratam
1197 715 1271 762 osse

119 802 280 883 apparebit
303 802 557 886 praedictionem,
581 823 649 868 cum
674 804 757 868 multi
781 823 838 886 per
861 805 1037 868 uniuersum
1066 803 1173 866 orbem
1198 810 1268 866 ter-

119 927 221 974 rarunt
251 910 362 974 eadem
386 911 461 976 bora
485 919 667 994 nascantur,
690 913 767 976 elius
790 919 892 974 autem
917 911 1005 975 aliter
1027 910 1130 975 stellas
1154 910 1307 974 obser-oo

121 1025 178 1080 vet.
230 1019 315 1082 Vana
345 1026 448 1084 autem
479 1021 571 1084 etiam
600 1025 647 1083 ast
683 1037 764 1101 quae
791 1037 848 1100 per
880 1018 1060 1102 clepsydras
1092 1019 1269 1082 celebratur

121 1126 371 1208 comprehensio.
414 1128 486 1191 Non
510 1130 591 1191 enim
615 1129 729 1211 pariter
750 1125 995 1212 antpboralluet,
1018 1145 1086 1190 cum
1108 1126 1266 1207 eritplena

120 1251 209 1314 quem
232 1252 303 1298 cum
327 1236 386 1299 erit
408 1237 590 1320 semicanis,
621 1235 691 1298 dum
712 1237 779 1316 ipse
803 1235 891 1316 polus
921 1253 960 1296 ex
982 1233 1105 1298 illorum
1128 1233 1267 1297 doctrino

122 1359 183 1404 uno
206 1343 321 1424 impetu
344 1343 410 1424 pari
433 1342 592 1408 celeritate
615 1342 720 1406 lectur.
775 1341 827 1408 Sin
850 1343 1047 1425 tergiversati
1078 1343 1182 1406 dicent
1205 1357 1267 1405 non

121 1467 156 1512 se
179 1457 356 1514 accuratum
379 1457 499 1533 tempus
521 1468 662 1535 sumere,
695 1451 753 1514 scd
775 1452 876 1532 prouti
901 1450 1011 1514 accidit
1037 1451 1069 1513 in
1093 1450 1194 1530 eliqua
1219 1451 1308 1516 lc-sa

123 1558 264 1642 titudine,
287 1559 385 1622 larue
407 1559 446 1621 ab
468 1560 542 1641 ipsis
565 1567 778 1643 coarguentur
816 1559 1053 1640 apotelesmatis.
1108 1556 1185 1621 Nam
1207 1575 1270 1620 eo-

125 1665 197 1727 dan
217 1674 356 1748 tempore
379 1669 430 1749 qni
452 1667 527 1731 editi
549 1676 620 1732 sunt
643 1685 705 1730 non
730 1665 862 1732 eandem
887 1665 1044 1750 deperent
1071 1665 1181 1749 vitam,
1212 1666 1269 1728 sod

125 1773 177 1836 alii
200 1773 326 1855 exempli
350 1775 449 1856 gratia
471 1791 567 1858 ‘reges
591 1775 664 1838 lacti
687 1783 772 1856 suot,
806 1773 857 1838 alii
879 1775 910 1837 in
934 1773 1065 1838 vinculis
1087 1789 1269 1838 consenue-

124 1887 205 1945 runt.
252 1881 346 1946 lt'smo
371 1889 457 1946 certo
478 1881 658 1948 Alexandro
680 1883 844 1947 Macedoni
868 1885 967 1946 extitit
989 1899 1130 1966 compar,
1166 1897 1271 1963 quau-

121 2005 212 2070 ouam
237 1989 321 2052 multi
345 2009 401 2072 per
424 1991 532 2054 orbem
555 1999 705 2056 terrarum
730 2009 790 2056 une
813 2011 881 2056 curn
898 1990 950 2059 ilo
972 1999 1060 2055 erant
1079 1991 1153 2073 neti,
1176 2007 1307 2056 nauseo

123 2095 237 2162 Platoni
259 2095 463 2180 pbilosopbo;
498 2107 533 2163 ut
560 2117 628 2164 cum
662 2103 760 2164 minus
783 2107 959 2164 accurabun
983 2099 1127 2162 natalium
1150 2107 1269 2180 tempus

119 2214 221 2269 sumet
256 2205 444 2290 Chaldaeus,
485 2217 629 2273 accurate
659 2217 795 2290 nequeat
825 2208 945 2291 dicore,
974 2225 1047 2271 num
1074 2206 1126 2288 qui
1156 2205 1268 2270 eodem

120 2321 262 2395 tempore
284 2323 374 2380 natus
398 2322 445 2379 est
467 2333 618 2398 prospera
642 2333 753 2380 usuros
776 2317 813 2380 sit
836 2315 969 2380 iortuna.
1014 2313 1098 2378 llulti
1112 2317 1199 2377 certe
1214 2331 1269 2396 per

120 2422 200 2486 idem
225 2428 344 2505 tempus
368 2425 430 2486 nati
454 2423 584 2487 adversa
606 2424 729 2487 fortuna
752 2430 825 2488 sunt
845 2422 1028 2503 conflictati,
1056 2421 1140 2486 unde
1169 2439 1269 2504 appa-

120 2539 166 2593 ret
189 2549 300 2596 vanam
325 2549 396 2596 assa
409 2535 500 2597 etiam
513 2531 738 2626 similitudinem
751 2532 920 2596 secundum
930 2531 1142 2612 disposituras.
1182 2529 1307 2592 Gon-ss

124 2637 217 2702 tutata
241 2640 335 2722 igitur
358 2639 487 2704 diversis
505 2641 676 2706 rationibus
700 2639 864 2722 multisque
886 2638 985 2702 modis
999 2637 1084 2700 inani
1105 2636 1270 2698 sedulitate

121 2745 347 2811 Chaldaeorum
360 2767 400 2811 ne
411 2746 472 2812 boc
482 2748 605 2830 quidem
620 2749 908 2831 praetermittemus,
926 2743 1153 2828 praedictiones
1163 2757 1271 2804 eorum

121 2855 355 2936 inexplicabiles
378 2854 573 2921 difficultates
593 2856 719 2920 babere.
764 2855 796 2920 Si
819 2856 914 2937 anim,
940 2861 974 2916 ut
996 2849 1199 2914 mathematici
1222 2847 1272 2910 di-

122 2967 205 3043 cunt,
228 2981 307 3048 eum,
327 2965 378 3044 qui
390 2973 437 3027 est
449 2964 505 3028 sub
524 2963 652 3046 cuspide
664 2963 820 3046 Sagittarii
834 2968 933 3046 news,
958 2957 1112 3042 oportebit
1128 2955 1271 3040 iugulari,

121 3068 281 3149 quotnodo
302 3071 425 3135 tandem
458 3080 505 3137 tot
526 3071 727 3136 barbarorum
760 3051 929 3154 myriadas,
963 3085 1043 3149 quaa
1074 3071 1309 3132 certaveruntro

121 3193 193 3239 cum
219 3177 342 3243 Graecis
366 3180 403 3242 ad
427 3179 639 3244 blaratbonom
662 3178 710 3242 vel
735 3178 773 3242 ad
797 3177 996 3259 Salaminem,
1026 3176 1114 3239 simul
1142 3172 1270 3255 iugulati

121 3285 219 3348 sunt?
266 3285 335 3350 Non
365 3287 445 3351 euim
475 3287 619 3370 prolecto
649 3269 792 3352 omnibus
822 3285 903 3350 idem
936 3284 1132 3367 horoscopus
1162 3281 1269 3346 illuxit.

121 3393 160 3457 lit
184 3413 291 3458 rursus
314 3398 340 3459 si
364 3413 447 3480 eum,
471 3399 524 3478 qui
545 3396 602 3461 sub
625 3396 715 3460 situla
737 3395 868 3477 Aquarii
900 3399 1074 3475 natusest,
1105 3389 1269 3474 naulragio

124 3502 167 3565 oti
203 3504 374 3586 oportebit,
414 3503 571 3586 quomodo
606 3504 795 3568 Graecorum
818 3501 857 3584 ii,
892 3501 944 3583 qui
975 3497 1065 3564 'lroia
1099 3497 1269 3582 redierunt,

123 3611 206 3674 circa
229 3627 305 3673 cava
326 3609 474 3676 Euboeae
497 3631 557 3677 unu
589 3613 620 3676 in
656 3629 740 3676 mare
772 3608 903 3673 demersi
931 3607 1022 3670 sunt?
1064 3606 1269 3690 improbabile
1279 3611 1309 3661 ⁷⁵

124 3719 204 3779 enim
230 3725 278 3780 est
301 3735 408 3782 omnes
432 3737 544 3802 magno
567 3722 666 3801 spatio
690 3719 838 3800 temporis
862 3735 878 3779 a
901 3733 936 3778 se
958 3715 1107 3778 distantes
1133 3715 1190 3778 sub
1223 3717 1270 3778 si-

124 3825 185 3886 tula
208 3825 335 3908 Aquarii
358 3833 447 3891 natos
468 3844 548 3890 esse.
594 3825 662 3890 llon
687 3827 767 3890 enim
789 3824 862 3887 licet
893 3821 997 3886 dicere
1028 3828 1154 3904 propter
1176 3841 1269 3887 unum

120 4023 167 4077 τὸν
186 4023 302 4080 Sextus:
321 4028 409 4082 rosim
427 4027 508 4084 abac
527 4027 557 4086 Μ
673 4029 718 4084 65.
738 4027 818 4082 αὐτὸν
833 4021 918 4080 ade
1008 4023 1087 4096 scorp
1103 4024 1271 4096 γεννηθέντες

121 4113 225 4172 Sextus
340 4121 384 4175 67.
401 4121 470 4194 γοῦν
490 4119 511 4176 C
627 4123 672 4176 70.
692 4115 767 4183 τόξον
786 4116 808 4174 C
899 4118 943 4172 tt.
964 4119 1008 4172 tt.
1027 4116 1271 4188 ἀνταγωνιζόμενιιν

121 4207 225 4264 Sextus
261 4221 267 4238 '
339 4214 384 4268 72.
404 4211 457 4287 nod
474 4215 535 4276 mdc
551 4231 585 4286 pr
604 4211 625 4269 C
741 4215 786 4268 tt.
805 4211 821 4278 ἢ
839 4215 976 4284 Σαλαμῖνι
994 4229 1039 4266 our
1058 4208 1159 4264 Sextus
1182 4207 1213 4280 S.
1234 4208 1270 4260 92

120 4319 148 4372 p.
169 4304 223 4357 ³5³
322 4306 366 4361 7³.
388 4305 495 4362 πάντων
513 4305 613 4362 Sextus
695 4303 807 4367 aalma
824 4303 940 4359 Sextus:
968 4300 1093 4357 αὐτῶνθ
1183 4301 1229 4352 ts.
1247 4301 1272 4352 ai

120 4411 167 4448 om
185 4393 207 4450 C
226 4393 255 4450 M
369 4400 414 4454 75.
434 4397 637 4474 ναννγὴγεννῦ
716 4397 773 4460 aruir
790 4399 817 4455 oi
836 4395 952 4452 Sextum
970 4392 1089 4450 no'oosG
1170 4391 1268 4445 ‹baso-

116 4489 260 4560 μίζόμενω
278 4487 377 4546 Sextus
494 4495 539 4548 77.
557 4497 586 4548 tr
602 4494 632 4568 τῇ
649 4493 758 4548 κάλπιδι
776 4489 890 4546 Sextus:
911 4491 953 4544 lui
969 4491 998 4564 τῇ
1015 4489 1100 4559 κάλπη
1120 4481 1141 4538 C
1160 4482 1188 4538 ld
