3006 4976
655 310 782 370 uacum
1049 384 1051 388 Δ
1228 307 1290 372 103

144 475 336 536 instruentes
364 481 395 538 et
421 493 521 557 cyeno
548 476 676 541 lacunar
701 481 902 560 inungentes,
930 477 961 537 in
985 483 1180 557 praesentem
1201 490 1329 542 usumto

144 580 315 644 admovent
336 581 394 644 sibi
417 582 615 648 instrumenta
634 583 784 664 quaedam
804 600 922 666 cyanea
941 591 972 645 et
990 581 1165 665 sustollunt,
1191 585 1290 650 media

147 692 252 749 autem
276 685 372 766 pelvis
394 688 485 768 plena
508 707 607 770 aquae
630 689 794 770 deponitur
816 691 846 752 in
869 697 967 770 terra,
991 707 1070 768 quae
1087 689 1289 754 reflexionem

148 793 240 874 cyani
264 792 449 856 incidentem
472 795 568 858 instar
588 796 667 858 caeli
689 794 799 859 reddit.
843 793 942 858 Habet
960 799 1059 856 autem
1082 797 1170 857 ctiam
1194 815 1290 877 aper-

149 907 248 960 turam
272 899 424 978 quandam
446 899 590 963 latentem
612 903 832 981 pavimentum,
863 901 912 962 cui
934 901 1074 979 imposita
1096 899 1193 980 pelvis
1214 900 1289 964 lun-

149 1002 222 1066 dam
245 1003 339 1066 babet
359 1006 443 1088 vitri,
472 1004 541 1068 dum
565 1007 629 1087 ipsa
653 1014 702 1068 est
722 1006 860 1087 lapidea3
891 1005 998 1068 subest
1019 1011 1120 1068 autem
1142 1006 1289 1071 conclave
1298 1016 1328 1066 aa

149 1109 356 1192 delitescens,
399 1111 429 1173 in
464 1112 546 1192 quod
584 1114 767 1194 congregati
808 1111 979 1174 collusores
1013 1111 1127 1192 figuras
1161 1129 1290 1193 quorum

150 1214 235 1277 volet
259 1217 424 1279 ostendere
447 1234 556 1298 magus
580 1216 708 1280 deorum
731 1217 978 1297 daemonumque
999 1215 1095 1278 induti
1114 1216 1290 1294 ostendunt,

149 1321 263 1402 quibus
284 1324 459 1404 conspectis
482 1325 523 1405 is,
554 1324 604 1397 cui
627 1323 806 1406 imponitur,
837 1322 875 1385 ad
899 1321 1022 1385 lraudes
1045 1341 1204 1404 magorum
1228 1323 1289 1387 ob-

149 1426 273 1506 stupebt
296 1435 327 1490 et
350 1427 465 1490 deinde
489 1427 629 1492 omnibus
651 1428 741 1491 fidem
765 1428 874 1510 babet,
902 1445 981 1508 quae
1004 1427 1042 1490 ab
1066 1427 1117 1491 illo
1141 1429 1288 1493 dicentur.

149 1533 341 1596 Daemonern
364 1540 465 1596 autem
489 1532 563 1598 lacit
584 1535 716 1616 flagrare
739 1534 817 1616 igni,
840 1535 871 1594 in
894 1535 1011 1614 pariete
1034 1531 1192 1597 delineans
1214 1548 1328 1615 spe-ao

148 1639 228 1700 clem
257 1656 346 1720 mam
374 1640 473 1723 volet,
504 1638 618 1702 deinde
645 1639 723 1704 clam
751 1640 872 1722 inungit
897 1637 1119 1703 medicamento
1143 1640 1236 1702 mixto
1257 1642 1288 1702 in

148 1745 231 1806 bunc
256 1744 379 1806 modum
493 1744 647 1808 Laconico
672 1751 703 1806 et
725 1743 862 1824 asphalto
878 1742 1059 1824 Zacyntbia3
1083 1741 1195 1808 deinde
1218 1753 1290 1808 tan·

148 1867 242 1930 quam
268 1847 421 1912 illustrans
451 1848 596 1912 admouet
622 1847 721 1911 lacem
749 1849 875 1931 parieti,
908 1841 1161 1911 medicamentum
1188 1858 1313 1913 autem*

149 1953 304 2034 effulgens
336 1953 518 2018 incenditur.
571 1955 689 2018 Hecate
720 1960 819 2016 autem
854 1960 888 2015 ut
919 1953 1059 2015 videatur
1091 1954 1184 2037 ignita
1213 1972 1288 2036 per-

67 2111 69 2116 .
147 2079 278 2123 currere
307 2067 413 2124 aerem
442 2059 503 2124 boc
534 2060 662 2124 artificio
692 2059 873 2140 assequitur.
932 2057 1124 2121 Collosorem
1158 2059 1328 2141 aliquemto

148 2186 218 2230 com
236 2166 430 2232 abscondidit
444 2169 475 2229 in
489 2166 570 2250 loco,
587 2185 647 2248 quo
664 2165 760 2249 libuit,
779 2170 886 2227 nactus
899 2163 1007 2244 quibus
1024 2164 1162 2245 imponat
1175 2165 1290 2229 inducit

147 2271 310 2355 professus
344 2291 415 2336 sese
447 2280 683 2335 monstraturum
717 2271 904 2352 equitantem
938 2287 995 2350 per
1028 2277 1133 2333 aerem
1162 2271 1287 2353 gnitum

149 2380 352 2463 daemonem,
383 2396 462 2461 quos
484 2377 665 2442 cohortatur
687 2375 725 2440 ad
749 2375 856 2438 oculos
878 2373 1039 2437 confestim
1062 2374 1288 2458 custodiendos,

148 2486 220 2549 dum
244 2494 372 2548 cernant
393 2487 424 2548 in
448 2493 521 2548 aere
542 2484 705 2565 dammam,
728 2489 822 2563 utque
840 2455 988 2544 obvoluto
1006 2479 1090 2543 vulto
1107 2482 1136 2542 in
1157 2499 1192 2544 es
1210 2499 1288 2562 pro-

148 2592 310 2674 cumbant,
347 2590 449 2654 donec
479 2593 546 2671 ipse
579 2595 685 2670 vocet,
724 2595 754 2650 et
784 2586 863 2648 baec
891 2590 1052 2666 postquam
1084 2587 1222 2669 edocuit,
1256 2587 1326 2653 ine
1383 2665 1386 2672 .

148 2697 283 2760 obscura
306 2704 398 2760 nocte
420 2714 475 2777 per
497 2713 604 2758 versus
626 2697 667 2757 ita
692 2692 787 2756 latur:

279 2801 438 2865 tolerastis
460 2809 648 2880 terrenaque
671 2805 702 2862 et
723 2796 880 2879 caelestis,
910 2798 996 2879 veni,
1026 2796 1151 2880 bombo,

279 2907 471 2991 Compitalis,
493 2907 598 2990 trivia,
619 2904 764 2988 lucilera,
786 2905 958 2986 noctivaga,

279 3015 400 3078 lnimica
423 3014 513 3094 lucis,
544 3012 644 3074 noctis
668 3018 767 3076 autem
792 3008 889 3071 amica
912 3008 1062 3087 alsacia,

280 3121 373 3184 Laeta
396 3135 505 3181 canum
528 3117 639 3179 latratu
662 3123 753 3196 atque
777 3113 928 3196 sanguine
951 3110 1042 3192 flavo,
1295 3137 1325 3186 qq

280 3227 338 3288 Per
359 3225 510 3286 cadavera
534 3220 651 3283 vadens
674 3237 729 3300 per
751 3217 924 3299 sepulcreta
947 3216 1170 3299 defunctorum,

279 3329 443 3412 Sanguinis
466 3326 661 3409 desiderans,
688 3334 839 3389 terrorem
862 3321 1039 3385 mortalibus
1061 3321 1175 3404 lerens,

279 3437 386 3517 Gorgo
410 3441 441 3497 et
463 3435 582 3498 llormo
606 3439 638 3496 et
658 3431 741 3494 Luna
765 3437 796 3493 et
819 3426 1042 3509 multiformis.

278 3541 390 3604 Venias
414 3541 542 3622 propitia
565 3537 604 3602 ad
627 3543 749 3600 nostras
770 3535 942 3598 libationes.

238 3647 290 3711 36.
336 3647 420 3709 llaec
442 3645 546 3707 locuto
570 3641 621 3705 illo
643 3642 723 3722 ignis
741 3640 929 3722 conspicitur
947 3653 1003 3718 per
1024 3642 1128 3698 aerem
1148 3644 1325 3716 currens,oo

147 3757 190 3818 illi
227 3761 328 3817 autem
363 3751 621 3814 cohorrescentes
654 3745 693 3809 ad
726 3763 785 3807 nec
818 3745 972 3826 opinatum
1006 3740 1103 3802 visum
1135 3736 1287 3802 obvolutis

149 3860 248 3924 oculis
274 3857 357 3921 bumi
384 3855 606 3939 provolvuntur
635 3854 715 3916 moti.
768 3849 851 3914 Artis
876 3855 977 3912 aetem
1004 3844 1184 3932 magnitudo
1208 3843 1287 3910 banc

146 4135 303 4195 Heluetios
327 4136 355 4190 iu
380 4135 533 4191 Annalibus
556 4135 800 4208 blarburgenaibua
826 4151 851 4190 a.
874 4133 956 4194 lesa,
982 4131 1009 4184 4.
1034 4145 1061 4199 p.
1072 4125 1140 4180 376:
1168 4139 1287 4190 romaqu-

148 4233 226 4302 th
244 4224 266 4281 C
284 4224 314 4281 Μ
333 4267 350 4300 μ
450 4227 494 4282 63.
513 4230 576 4299 ἔχρη
599 4245 632 4299 pr
650 4225 672 4282 C
791 4227 861 4296 ἑτέρη
884 4217 955 4294 prC
1074 4214 1118 4270 65.
1138 4211 1173 4265 ἀν
1192 4214 1287 4271 νέκυας

144 4319 293 4391 στείχουσα]
313 4317 434 4371 mesum
451 4323 481 4370 et
498 4332 559 4386 sup.
585 4318 702 4370 trrixem
719 4318 858 4387 σωίχουσα
876 4308 912 4365 G:
937 4309 966 4362 tr
984 4307 1071 4360 νέκυσι
1086 4316 1222 4372 onolacco
1239 4297 1286 4354 tta

145 4420 176 4466 ut
193 4425 259 4474 coa,
287 4407 368 4464 etiam
386 4403 541 4464 Meiaekiua
561 4407 722 4462 emendarit.
837 4403 881 4457 67.
901 4398 987 4466 Μήνη]
1006 4393 1097 4467 μνήμη
1117 4386 1148 4444 G.
1267 4429 1270 4435 .
