3006 4976
644 281 772 340 llhtilcl.
1218 273 1280 342 107

224 447 276 514 38.
320 449 429 514 Stellas
453 457 552 514 aulem
575 467 725 532 apparere
747 448 861 512 iaciunt
882 448 1059 512 thrissarum
1085 450 1135 512 vel
1163 448 1282 530 hippuri

129 571 286 634 squamae
309 573 389 638 aqua
415 573 484 618 cum
512 556 626 640 gummi
654 556 774 638 rigatae
802 561 832 617 et
855 554 966 619 allixac
990 555 1128 620 lacunari
1152 574 1207 637 per
1229 557 1280 619 in-

129 668 166 722 te
207 659 276 723 alla.
888 669 890 676 ’

167 679 206 724 Π
222 765 277 828 39.
322 766 439 830 Terrae
462 775 563 830 motus
592 774 691 831 aulem
714 769 854 851 speciem
879 766 1030 849 alliciunt,
1062 774 1095 830 ut
1116 767 1280 831 videantur
1394 755 1400 765 ’

132 871 240 934 omnia
264 873 399 956 moveri,
430 881 551 937 stercus
578 873 791 938 ichneumonis
818 892 887 938 cum
915 873 1016 954 lapide
1042 873 1157 939 terrum
1181 881 1303 939 altra-t

132 977 231 1040 henle
254 977 285 1038 in
308 980 414 1057 prunis
436 981 595 1044 incensum
599 1027 735 1046 .....

222 1081 274 1146 40.
319 1083 408 1146 Iecur
430 1091 530 1148 autern
554 1085 638 1167 quod
661 1087 797 1150 videatur
814 1085 992 1166 inscriptum
1011 1102 1083 1148 esse
1103 1085 1277 1150 ostendunt.

132 1189 287 1252 Sinistrae
309 1191 411 1254 manui
433 1191 572 1254 inscribit
593 1191 675 1272 quod
698 1191 797 1275 lubet,
821 1199 954 1272 aptatum
971 1191 1010 1254 ad
1027 1190 1058 1253 id
1076 1189 1157 1272 quod
1177 1207 1279 1271 quae·

132 1297 226 1358 situm
250 1301 312 1375 est,
335 1295 456 1359 litterae
477 1305 578 1360 autem
596 1296 676 1377 galla
694 1303 725 1359 el
744 1304 834 1361 aceto
849 1298 920 1362 ,acri
938 1297 1120 1360 scribuntur.
1156 1295 1302 1358 Deindel

132 1399 286 1462 sublatum
314 1401 401 1464 iecur
427 1418 483 1482 per
505 1401 629 1482 aliquod
651 1408 771 1483 tempus
794 1404 907 1465 retinet
927 1402 1049 1465 sinistra
1072 1419 1178 1484 mana,
1203 1399 1276 1463 illud
1307 1395 1312 1414 ‘

131 1513 239 1568 autern
262 1504 355 1576 trahit
379 1511 482 1588 typum
506 1515 538 1572 et
560 1509 648 1588 quasi
670 1508 846 1588 inscriptum
869 1506 999 1570 videtur.

222 1607 275 1672 41.
321 1611 463 1675 cranium
485 1620 585 1676 autern
603 1612 689 1694 loqui
711 1613 842 1693 positum
865 1613 894 1675 in
914 1619 995 1675 terra
1014 1611 1129 1675 laciunt
1145 1613 1177 1675 in
1194 1610 1276 1674 hunc

133 1715 270 1780 modum.
314 1717 415 1798 lpsum
438 1717 560 1797 quidem
584 1718 698 1782 lactum
720 1725 829 1782 estex
853 1723 976 1781 omento
999 1716 1130 1799 bovino,
1156 1717 1300 1798 figura--

132 1827 197 1885 tum
221 1829 323 1885 autem
342 1841 414 1886 cera
430 1823 529 1888 'lusca
549 1831 580 1888 et
599 1841 698 1906 gypso
716 1830 877 1907 apparata,
900 1823 1120 1887 circumvolata
1139 1825 1275 1906 tegmine
1284 1829 1315 1881 to

132 1929 271 2008 speciem
288 1929 385 1992 cranii
403 1929 614 2014 praesefert,
637 1929 721 2010 quod
735 1929 877 1994 omnihus
889 1928 975 2009 loqui
991 1928 1112 1992 videtur
1127 1937 1275 2010 operante

132 2037 355 2118 instrumento,
378 2035 632 2115 quemadmodum
656 2037 747 2099 etiam
770 2037 810 2098 de
832 2037 935 2117 pueris
956 2053 1048 2117 supra
1066 2037 1274 2117 exposuimus.

134 2140 228 2202 Gruis
258 2139 307 2202 vel
338 2139 465 2204 alieuius
492 2142 560 2204 talis
591 2159 724 2222 procero
755 2142 835 2206 eollo
866 2143 1034 2205 instructae
1060 2140 1125 2206 avia
1152 2147 1275 2224 gutture

132 2251 281 2327 apparato
305 2262 409 2326 eoque
431 2249 570 2327 apposito
594 2247 632 2310 ad
656 2249 793 2312 cranium
812 2247 944 2312 latenter
963 2247 1098 2312 collusor
1114 2265 1193 2329 quae
1210 2245 1276 2310 vult

131 2350 277 2430 loquitur.
322 2349 413 2424 Ouod
434 2351 486 2413 uhi
509 2370 699 2418 evanescere
718 2354 795 2438 vult,
818 2373 983 2436 prunarum
1006 2371 1117 2416 acervo
1139 2355 1313 2418 circum-,tt

132 2458 236 2538 posito
261 2463 404 2538 tanquam
427 2456 602 2522 thurificans
625 2469 768 2544 apparet,
791 2477 919 2541 quarum
942 2458 1077 2523 calorem
1100 2477 1169 2522 eum
1191 2461 1273 2522 arri-

131 2563 196 2644 puit
219 2579 292 2624 cera
314 2561 474 2646 liquescit,
504 2571 536 2627 et
558 2563 600 2626 ita
622 2567 758 2628 cranium
783 2564 947 2628 evanuisse
970 2563 1116 2627 creditur.

218 2667 268 2732 la.
312 2667 397 2730 llaec
421 2685 579 2750 magorum
603 2687 699 2751 opera
722 2669 843 2732 attalia
862 2674 1027 2749 sexcenta,
1057 2685 1136 2749 quae
1156 2667 1275 2729 verhe-

133 2790 202 2836 rum
226 2775 431 2854 congruentia
453 2782 574 2836 etcum
597 2773 658 2837 lide
680 2773 829 2836 lectorum
848 2791 975 2854 operum
994 2773 1099 2854 specie
1118 2772 1275 2835 deleniunt

134 2881 304 2960 imperitos.
362 2878 498 2953 Quorum
531 2889 628 2944 artem
663 2878 865 2961 obstupefacti
898 2877 1135 2942 haeresiarchae
1169 2877 1313 2940 imitatiao

132 2991 221 3067 suut,
252 2984 362 3065 partim
390 2984 421 3046 iu
451 2985 593 3050 abstruso
617 2994 648 3049 et
670 2985 804 3050 obscuro
827 2983 984 3047 tradentes
1009 2983 1135 3066 placita,
1164 2983 1273 3063 partim

136 3090 227 3152 etiam
257 3097 446 3153 exornantes
475 3099 616 3172 tanquam
646 3109 712 3155 sua.
767 3091 862 3166 Oeam
885 3089 926 3154 eh
949 3109 1073 3154 causam
1098 3106 1160 3172 quo
1184 3106 1274 3152 com-

134 3193 403 3258 monefaceremus
431 3195 540 3276 vulgus
567 3196 752 3260 laboriosius
775 3196 854 3260 haec
877 3198 1089 3278 exposuimus,
1120 3213 1159 3257 ne
1181 3193 1273 3257 ullum

131 3299 379 3379 relinqueremus
400 3299 519 3384 locum,
547 3303 571 3364 si
595 3302 647 3383 qui
670 3302 785 3366 vellem
806 3301 925 3366 seduci.
968 3301 1069 3364 Delati
1092 3307 1192 3363 autem
1215 3316 1273 3362 su-

131 3423 198 3469 mus
226 3423 289 3469 non
312 3404 523 3486 imprudenter
550 3408 581 3470 in
610 3407 761 3488 quaedam
791 3423 952 3491 magorum
981 3424 1110 3488 arcana,
1138 3423 1220 3488 quac
1240 3405 1311 3468 inm

132 3530 196 3574 rern
227 3510 350 3592 quidem
380 3519 577 3592 praesentem
607 3531 669 3576 nen
699 3513 862 3576 admodum
890 3513 1067 3575 neccssaria
1096 3518 1200 3593 erant,
1232 3511 1270 3574 ad

132 3615 303 3680 cavendum
337 3622 439 3680 aulem
472 3636 631 3702 magorum
665 3617 804 3682 lallecem
835 3623 866 3680 et
896 3617 1030 3698 ineptam
1060 3623 1155 3679 artem
1189 3615 1272 3679 utilia

133 3720 325 3786 videbantur.
379 3722 542 3803 Postquam
566 3723 674 3805 igitar,
703 3731 737 3786 ul
758 3722 895 3805 videtur,
924 3721 1034 3802 placita
1056 3722 1271 3786 universorum

134 3828 347 3910 exposuimus,
369 3827 461 3891 mulla
483 3826 616 3893 adhihita
639 3847 712 3892 cura
735 3829 773 3892 ad
795 3826 1004 3891 illustrandum
1027 3845 1169 3910 osseca,
1191 3845 1271 3908 quac

132 3939 274 4012 tauquam
296 3951 378 3996 nova
401 3933 440 3996 ah
463 3932 688 3998 haeresiarchis
711 3936 830 3996 invecta
854 3917 938 4016 sunt,
963 3951 1042 3997 vana
1064 3933 1103 3996 ad
1125 3935 1309 4015 pietatemao

130 4126 190 4184 edio*
207 4127 259 4199 pedu
277 4144 322 4181 oru
340 4144 373 4198 pr
392 4124 413 4182 C
521 4126 684 4191 mlnlcch
790 4129 836 4183 at.
856 4127 885 4184 di
903 4128 955 4182 add
973 4125 1004 4182 ll
1127 4127 1173 4180 22.
1191 4128 1267 4196 πᾶσι]

131 4218 195 4287 quei
213 4213 235 4272 C
349 4219 394 4272 00.
410 4215 443 4273 ‘¹0
461 4221 528 4273 duur
545 4253 581 4266 -
598 4223 730 4292 refricem
748 4220 776 4274 in
793 4221 915 4291 margine
934 4217 1001 4274 cod.
1020 4217 1051 4273 Μ
1131 4219 1203 4271 etur
1221 4215 1243 4270 G

131 4309 170 4362 dl.
189 4305 388 4369 dimissuri]
473 4310 517 4364 35.
532 4311 577 4366 dd.
595 4308 812 4384 meresapae
896 4312 942 4366 36.
961 4309 1059 4381 τρόπον
1076 4304 1142 4361 cll
1219 4305 1266 4360 30.

130 4400 171 4454 acl
186 4396 269 4466 rriuC
385 4400 430 4455 40.
448 4402 590 4473 δνομόζπο]
608 4403 710 4475 souitu
727 4399 763 4457 C:
786 4403 887 4475 νομίζω
908 4399 938 4455 Μ
1052 4397 1096 4452 42.
1115 4396 1159 4451 tat
1176 4391 1268 4451 2er
