3002 4958
568 293 800 360 transeunts.
1214 292 1249 358 li

108 464 316 541 camertem,
347 457 521 542 meulent,
553 466 585 524 et
607 459 931 544 physiognomouicam
963 463 1030 544 ipse
1053 463 1169 526 invenit
1191 480 1254 525 nu-

110 583 216 628 meros
245 564 394 646 quosdam
427 573 459 629 at
488 583 650 632 mensuras
678 587 735 650 pro
771 569 970 634 fundamento
999 576 1155 653 statuens,
1185 589 1253 634 cum

110 671 236 736 dicebat
258 673 439 754 unuciutnn
470 673 681 740 arithmeticae
709 676 932 759 philosophiam
961 697 1017 759 per
1046 678 1291 758 compositio-uu

110 797 181 842 nem
205 779 369 844 confluere
391 781 422 843 in
445 779 527 846 hunc
549 782 682 846 modun.
726 783 880 848 Numerus
903 785 1000 848 extitit
1015 786 1142 866 primum
1165 785 1254 866 prin-

109 887 241 969 cipium,
271 885 354 968 quod
384 887 507 968 quinem
536 894 584 952 eat
614 889 781 974 inlinitum,
817 890 1141 975 incomprehensibile,
1173 909 1254 954 cou-

110 995 215 1058 tineus
248 996 280 1058 in
312 1011 348 1058 se
371 1013 478 1060 omnes
509 998 611 1078 quiin
634 996 782 1062 inlinitum
812 1004 941 1078 possunt
971 998 1078 1060 uenire
1110 1016 1254 1062 numeros

110 1119 167 1184 per
196 1101 428 1166 multitudinem.
485 1089 688 1168 Nummorum
718 1109 819 1169 aulem
858 1105 1040 1186 principium
1073 1105 1173 1168 extitit
1199 1123 1256 1187 per

109 1209 312 1274 abstentiam
333 1211 429 1290 pmma
454 1227 577 1294 monas,
605 1229 685 1294 quae
715 1217 762 1274 est
790 1229 898 1276 monas
925 1212 1093 1276 masculina
1122 1213 1292 1294 giguonsro

109 1319 209 1380 instar
231 1317 326 1406 ostris
343 1335 452 1382 omnes
475 1318 612 1400 reliquos
635 1335 787 1382 numeros.
831 1318 939 1384 Altero
962 1317 1033 1383 loco
1062 1319 1138 1401 dyas
1162 1318 1254 1382 lemi-

111 1424 202 1486 ninus
225 1441 387 1507 numerus,
416 1424 496 1486 idem
521 1430 621 1488 autem
645 1427 734 1488 etiam
757 1443 814 1507 par
836 1425 873 1488 ab
897 1425 1093 1490 arithmeticis
1116 1432 1254 1490 vocatur.

110 1531 245 1594 Tertium
269 1531 343 1594 trias
366 1549 511 1596 numerus
534 1531 737 1614 masculinus,
769 1531 817 1595 hic
849 1532 939 1595 etiam
968 1534 1064 1613 impar
1095 1534 1133 1596 ab
1157 1532 1255 1596 arith-

110 1640 232 1702 meticis
261 1645 420 1720 receptum
453 1646 500 1702 aut
532 1645 565 1703 ut
598 1645 737 1702 vocetur.
794 1637 894 1720 super
924 1656 1034 1701 omnes
1064 1645 1164 1700 autem
1198 1637 1256 1702 hos

110 1753 207 1810 tetras
229 1729 393 1809 femininus
415 1763 576 1829 numerus,
599 1745 680 1808 idom
705 1751 807 1808 autem
836 1745 926 1808 etiam
955 1761 1011 1826 par
1035 1751 1162 1810 vocatur
1186 1745 1293 1825 quiaeu

111 1853 276 1918 femininus
298 1861 354 1916 est.
399 1853 540 1918 Existunt
562 1855 654 1936 igitur
677 1853 812 1917 universi
834 1852 954 1916 numeri
976 1853 1067 1916 sumti
1087 1854 1256 1935 generatim

111 1966 258 2042 quattuor
290 1959 447 2043 (uumerus
482 1967 584 2024 autem
621 1967 687 2023 erat
728 1959 766 2022 sd
800 1978 908 2025 sexum
941 1959 1140 2044 indefinitus),
1175 1961 1256 2024 unde

111 2070 250 2134 constitit
280 2068 339 2132 illis
369 2069 525 2150 perfectus
554 2087 699 2132 numerus
733 2068 836 2132 decus.
895 2067 1013 2132 Etenim
1042 2085 1150 2151 unum,
1183 2067 1255 2150 duo,

112 2177 188 2258 tria,
211 2182 355 2256 quattuor
377 2175 515 2240 eilieiunt
537 2175 662 2258 decem,
696 2175 747 2238 uhi
775 2175 904 2258 siugulis
926 2177 1061 2240 numeris
1083 2176 1257 2241 servabitur

112 2303 152 2348 ox
175 2301 212 2347 re
234 2285 433 2348 domesticum
456 2301 581 2348 nomen.
626 2283 710 2346 ilaue
732 2282 920 2365 Pythagoras
944 2283 1105 2364 appellavit
1119 2291 1294 2346 sanctamto

112 2398 283 2475 tetractyn,
323 2391 439 2454 iontem
471 2391 679 2472 sempiternae
711 2395 840 2454 naturae
875 2391 999 2454 radices
1029 2390 1194 2454 habentem
1224 2392 1255 2454 in

112 2517 204 2582 sese,
227 2506 321 2561 etex
346 2491 407 2562 ho'c
430 2515 559 2562 numero
583 2498 720 2580 reliquos
742 2515 851 2562 omnes
873 2496 990 2560 hahere
1011 2499 1256 2581 numerosprin-

112 2607 235 2688 ulpium.
279 2604 431 2670 Numerus
456 2605 537 2668 enim
559 2605 747 2669 undenarius
770 2612 803 2668 et
824 2603 1032 2668 duodenarius
1059 2607 1163 2687 etqui
1187 2612 1258 2668 suat

112 2720 277 2797 praeterea
300 2713 479 2795 principium
503 2713 688 2776 existentiae
712 2731 752 2774 ex
775 2710 904 2774 denario
927 2712 1117 2794 participant.
1161 2711 1268 2776 liuius·

113 2821 233 2884 denarii
257 2821 391 2902 numeri,
420 2820 472 2902 qui
504 2819 662 2901 perlectus
690 2825 752 2902 est,
786 2823 933 2900 quattuor
962 2822 1114 2882 vocantur
1139 2826 1296 2899 partemue

113 2945 275 3007 uenenis,
298 2943 420 3008 monas,
443 2925 594 3010 potentia,
624 2925 731 2991 cubus.
789 2926 925 3000 Quorum
950 2925 1041 2988 atium
1065 2926 1258 3006 complexio-

113 3053 170 3098 uea
194 3044 227 3098 et
249 3035 411 3096 mixtiones
435 3027 475 3095 ad
495 3033 730 3116 generationem
753 3034 909 3116 augmenti
932 3031 1017 3116 liunt,
1041 3038 1256 3114 pennatorum

112 3141 281 3226 genitalem
303 3159 461 3204 numerum
485 3139 692 3222 perficientes.
752 3140 826 3204 Cum
851 3141 931 3204 enim
953 3141 1091 3222 potentia
1113 3142 1178 3223 ipsa
1201 3159 1257 3204 se·

112 3251 270 3329 cumipse
293 3247 554 3329 multiplicabitur,
588 3247 620 3310 lit
642 3247 930 3332 dynumodynamis‚
965 3266 1034 3312 cum
1064 3255 1166 3311 autem
1195 3265 1258 3329 po-

113 3357 208 3420 tentia
232 3371 302 3417 eum
325 3354 421 3436 cubo,
446 3356 549 3418 existit
573 3355 817 3437 dynamueubua,
848 3373 916 3418 eom
941 3363 1042 3420 autem
1066 3357 1161 3418 cubus
1187 3375 1254 3419 cum
1268 3363 1298 3413 uo

112 3464 212 3547 eobo,
243 3463 346 3526 existit
379 3462 573 3543 ouhoouhus‚
607 3470 639 3526 ot
667 3461 742 3527 bant
770 3481 878 3528 omnes
909 3463 1046 3546 numeri,
1079 3480 1119 3525 ex
1148 3462 1259 3544 quibus

113 3821 259 3877 annalibus
278 3837 303 3874 ι.
325 3819 403 3874 tete.
564 3819 609 3872 41.
630 3817 735 3889 φύσεως
760 3817 796 3878 ὡς
821 3817 919 3887 ιιιΙςος
946 3815 996 3871 cir.
1016 3817 1085 3872 inira
1105 3838 1132 3891 p.
1153 3821 1196 3885 90,
1215 3821 1259 3874 33.

113 3916 158 3971 49.
177 3911 343 3968 Αιιιιιιίιιι
362 3911 432 3966 inlra
451 3929 478 3982 p.
493 3913 536 3975 90,
555 3903 600 3966 99.
612 3929 651 3984 sq.
672 3910 731 3972 τούς
748 3910 845 3970 ἄλλοις
861 3909 962 3971 πάντας
978 3910 1116 3996 inducie
1213 3913 1258 3968 49.

113 4009 158 4062 τοῦ
174 4008 257 4076 aim]
276 4005 318 4072 τῆς
333 4007 459 4077 γενέσεως
476 4003 547 4059 inira
567 4022 595 4076 p.
614 4006 657 4068 90,
676 4003 722 4058 35.
848 4003 893 4058 lli.
913 4003 1045 4076 ἀριθμός,
1063 4003 1161 4076 μονάς]
1181 4003 1260 4060 lloe-

114 4119 182 4174 pero
208 4119 235 4172 p.
255 4099 317 4154 eut.
341 4097 412 4152 ordo
437 4097 581 4152 verborum
613 4096 649 4150 ita
681 4095 825 4150 ineundus
849 4094 971 4150 ridetur:
1002 4095 1105 4168 μονάς,
1135 4095 1261 4168 ἀριθμός.

114 4195 158 4248 47.
197 4191 274 4266 αὐτὴ]
292 4190 372 4256 αὐτὴν
388 4189 485 4259 vulgo:
505 4187 584 4256 αὑτὴν
603 4185 754 4252 8ι1ιὶιιίιιι;
775 4185 826 4241 eir.
841 4187 911 4242 inlra
927 4189 1006 4258 [ι.90,
1021 4189 1065 4242 40.
1146 4189 1190 4242 48.
1217 4207 1262 4241 κν-

112 4285 194 4358 ρισθῇ
213 4282 373 4354 Ruoperur:
398 4281 506 4354 κυβισιῇ
521 4279 618 4351 uulgo:
643 4279 826 4350 κομισθήσεται
850 4279 921 4334 inira
945 4295 972 4350 p.
993 4281 1037 4343 90,
1056 4281 1100 4334 40.
1215 4281 1261 4332 49.

113 4381 207 4451 γέγονε
226 4375 415 4448 cumpinum
431 4405 468 4420 -
485 4373 568 4442 κόρον
585 4373 613 4426 iu
631 4369 719 4426 codd.
733 4372 833 4428 omissa
846 4371 1017 4426 resutuimut
1031 4387 1065 4424 ex
1079 4388 1106 4442 p.
1116 4370 1199 4433 90,4ι
1211 4387 1262 4444 sq„

114 4470 204 4544 qualia
224 4468 284 4524 lere
302 4467 356 4522 tan
375 4465 495 4522 Wollius
513 4465 679 4520 desiderarit
