3056 4970
609 316 773 377 tantuna.
1220 317 1278 385 181

129 503 237 568 usque
259 483 298 548 ad
320 482 435 547 lunam.
479 483 632 567 Accipere
655 491 757 550 autern
779 486 923 551 mundum
940 506 958 552 a
976 489 1163 554 mundovirn
1179 507 1298 574 quan-t

129 592 205 656 dam
235 598 267 656 et
292 591 539 656 communionem
569 600 602 656 et
632 593 815 675 participare
843 597 1148 677 asuperiaoentibus
1171 599 1277 664 subie-

129 697 248 783 centia.
293 697 332 762 Ut
354 702 455 760 autem
478 695 560 778 quod
584 695 714 760 diximus
734 695 906 760 luculenter
929 709 1078 781 appareat
1086 729 1105 787 ,·
1122 704 1195 785 ipsis
1218 703 1276 769 illis

129 804 364 886 astrologorum
386 804 558 886 singulatim
581 809 651 867 utar
670 802 808 889 vocibus,
832 804 1041 870 admoniturus
1064 807 1199 873 lecturos
1217 826 1277 874 eo-

122 929 210 997 rum,
233 929 315 994 quae
338 917 408 973 ante
432 907 605 975 dictasunt
628 929 667 974 eo
689 910 771 996 loco,
794 911 848 976 ubi
871 915 1070 994 exposuimus
1093 914 1297 1000 astrologossu

128 1035 201 1082 rum
223 1017 398 1082 universam
421 1026 528 1084 artem.
572 1017 658 1091 Quae
680 1017 774 1101 igitur
793 1017 852 1082 illis
876 1019 996 1101 placent
1019 1019 1098 1084 haee
1113 1028 1193 1086 sunt.
1226 1022 1274 1086 Ab

129 1133 284 1190 astrorum
316 1123 493 1190 defluxione
522 1125 681 1208 genituras
709 1125 930 1190 subiacentium
959 1127 1075 1209 perlici.
1120 1129 1276 1195 Curiosius

130 1235 214 1296 enim
243 1232 441 1315 contemplati
471 1231 590 1302 caelum
620 1231 765 1296 Chaldaei
800 1232 943 1298 dixerunt
977 1236 1132 1318 agentium
1160 1255 1275 1301 causa-

129 1359 198 1404 rum
222 1341 383 1404 continere
405 1341 555 1404 rationem
577 1338 617 1404 ad
639 1339 760 1420 singula
783 1359 939 1426 quaeque,
974 1359 1055 1424 quae
1087 1344 1210 1407 eueniat
1241 1352 1274 1408 ut

130 1449 223 1512 nobis
252 1447 409 1532 accidant,
442 1453 560 1529 septem
582 1445 702 1530 stellas,
726 1446 873 1511 adiuvare
896 1457 997 1513 autern
1020 1467 1082 1512 non
1106 1453 1273 1516 errantium
1283 1466 1312 1517 to

128 1557 290 1640 signorum
318 1560 430 1637 partes.
484 1552 651 1617 Zodiacum
683 1553 776 1635 igitur
808 1555 913 1618 orbem
943 1555 1081 1621 dividunt
1108 1558 1140 1619 in
1169 1565 1272 1640 partes

129 1662 304 1745 duodecim,
327 1661 685 1743 unumquodque-autem
707 1662 826 1743 signum
843 1663 873 1724 in
890 1670 994 1742 partes
1009 1663 1143 1749 triginta,
1158 1683 1270 1728 unam-

128 1788 284 1856 quamque
309 1777 414 1840 autem
444 1775 561 1852 partem
588 1769 619 1831 in
642 1768 803 1849 sexaginta
827 1770 958 1848 minuta;
989 1771 1035 1833 sic
1058 1772 1139 1834 enirn
1161 1773 1271 1854 appel-

125 1879 193 1941 lant
214 1877 336 1941 minima
358 1883 389 1939 et
408 1875 550 1940 indiuisa.
606 1875 770 1957 signorum
800 1882 902 1940 autem
924 1876 982 1941 alia
1004 1878 1138 1942 mascula
1162 1881 1272 1962 appel-

125 1986 208 2069 lant,
229 1984 287 2048 alia
305 1983 458 2066 leminea,
481 1981 592 2046 atalia
615 1981 797 2065 bicorpora,
820 1981 879 2047 alia
902 2001 984 2068 non,
1008 1991 1040 2048 et
1061 1985 1120 2049 alia
1143 1989 1307 2073 tropicam

125 2093 188 2156 aila
210 2091 277 2155 fixa.
319 2090 454 2155 Mascula
476 2091 568 2172 igitur
591 2096 663 2153 sunt
686 2093 737 2151 aut
757 2087 913 2173 feminina,
936 2108 1140 2174 quaecunque
1161 2101 1269 2160 natura

123 2217 183 2264 sua
213 2199 358 2263 adiuvant
389 2197 553 2262 masculam
581 2196 815 2280 generationem
848 2203 899 2260 aut
929 2198 1112 2263 femininam.
1177 2201 1268 2266 Aries

123 2307 208 2369 enim
225 2303 393 2368 masculum
413 2303 604 2387 estsignum,
626 2308 732 2366 taurus
756 2308 857 2366 antem
878 2302 1073 2384 femininum
1096 2314 1127 2370 et
1149 2307 1267 2389 reliqua

123 2411 165 2476 ad
189 2411 319 2476 eandem
341 2413 490 2474 rationem
512 2409 562 2473 vel
582 2407 716 2473 mascula
739 2409 788 2472 v'el
810 2408 966 2474 feminina.
1010 2411 1117 2497 Unde,
1140 2423 1171 2476 ut
1195 2415 1267 2497 opi-

122 2537 200 2603 nor,
229 2517 424 2602 Pythagorici
451 2517 515 2580 orsi
543 2515 705 2580 monadem
736 2515 901 2601 masculum
925 2516 1079 2596 quoddam
1102 2520 1266 2606 appellant,
1276 2535 1306 2584 to

123 2626 256 2710 dyadem
279 2633 380 2689 autem
404 2621 592 2704 femininum,
620 2621 747 2686 triadem
771 2627 872 2686 autom
897 2639 1004 2687 rursus
1027 2625 1212 2708 masculum,
1236 2635 1267 2690 et
1356 2709 1359 2712 ,

122 2733 233 2797 eadem
265 2732 388 2796 ratione
421 2730 558 2812 reliquos
590 2737 621 2792 et
652 2730 768 2810 parium
803 2736 835 2792 et
865 2731 1024 2810 imparium
1058 2747 1265 2798 numerorum.

124 2839 256 2915 Quidam
279 2845 379 2902 autern
404 2843 435 2900 et
455 2835 696 2917 unumquodque
719 2837 838 2919 signum
863 2837 894 2899 in
917 2834 1079 2902 duodenas
1098 2844 1202 2918 partes
1215 2838 1265 2903 di-

122 2947 265 3010 uidentes
289 2944 399 3009 eadern
420 2943 488 3007 iere
509 2943 559 3006 uia
582 2948 724 3006 utuntur:
755 2941 846 3006 veluti
868 2944 900 3005 in
924 2945 1023 3007 ariete
1041 2945 1167 3026 primam
1185 2947 1264 3010 duo-

120 3053 221 3117 decim
246 3053 313 3120 eios
334 3053 464 3134 partium
487 3057 518 3114 et
539 3051 667 3113 arietem
689 3057 801 3113 vocant
824 3056 857 3114 et
879 3051 1062 3136 masculum,
1094 3053 1300 3117 secundante

121 3169 223 3224 autern
247 3165 278 3221 et
299 3166 420 3223 taurum
444 3166 474 3220 et
495 3157 687 3238 femininum,
716 3157 837 3220 tertiam
868 3163 970 3221 autem
1001 3163 1033 3234 et
1060 3159 1203 3243 geminos
1233 3168 1265 3225 et

120 3267 297 3351 masculum,
322 3276 354 3331 et
374 3269 406 3330 in
428 3265 555 3346 reliquis
579 3265 669 3327 etiarn
692 3263 829 3345 partibus
851 3263 1059 3330 consimiliter.
1093 3267 1262 3349 Bicorpora

120 3381 224 3440 autem
254 3391 324 3437 csse
348 3373 431 3437 aiunt
453 3373 542 3455 signa
566 3378 597 3434 et
619 3371 760 3454 geminos
784 3377 814 3433 et
837 3373 889 3452 qui
912 3371 1116 3437 exadversum
1135 3374 1193 3438 illis
1215 3382 1263 3438 est

48 3475 56 3486 '
120 3481 327 3565 sagittarium,
351 3479 566 3562 unginemque
587 3485 618 3540 et
639 3477 758 3562 pisces,
786 3497 848 3556 non
871 3477 1036 3560 bicorpore
1060 3489 1161 3544 autem
1183 3482 1261 3546 reli·
1331 3557 1335 3568 .

118 3607 189 3670 qua.
233 3587 272 3651 Et
300 3587 417 3669 pariter
447 3587 562 3667 tropica
597 3583 736 3668 quidem,
770 3585 800 3647 in
831 3583 940 3665 quibus
963 3603 1031 3649 ourn
1055 3589 1191 3652 constitit
1212 3589 1298 3654 solto

115 3799 184 3860 ιιοῦς
203 3795 316 3852 Sextus:
335 3795 434 3869 λόγους
452 3793 474 3850 G
491 3792 521 3850 Μ
593 3793 748 3867 declarasti
760 3789 874 3848 Sextus:
894 3793 993 3866 ἀρτίων
1005 3794 1120 3852 rsach
1212 3801 1257 3855 42.

115 3891 334 3962 connumerem
353 3885 467 3943 Sextus:
487 3885 720 3960 δωδεκατημόριον
738 3881 760 3938 C
778 3883 807 3939 Μ
922 3888 967 3942 dd.
986 3887 1014 3942 ad
1030 3888 1082 3961 μέν
1099 3891 1204 3962 πρῶτον
1222 3925 1258 3937 -

115 3981 240 4052 Κριόνοι
259 3977 373 4034 Sextus:
392 3996 437 4033 om
456 3978 478 4035 C
496 3978 526 4034 Μ
640 3980 685 4034 44.
705 3979 815 4033 καλοῦσι
832 3978 879 4032 ναι
897 3978 979 4051 ἄρρεν
998 3975 1113 4035 Sextus:
1131 3985 1258 4038 καλοῦσιν

114 4075 198 4145 ἄρρεν
221 4069 243 4126 C
267 4067 298 4126 Μ
411 4071 455 4126 44.
478 4071 524 4125 45.
561 4069 668 4142 Τοῖιρόν
689 4089 713 4124 m
740 4069 852 4126 Sextus:
885 4072 1007 4143 Ταῦρον,
1030 4073 1113 4146 ἄρρεν
1138 4093 1161 4128 ιε
1187 4072 1257 4129 ΟΜ

114 4165 160 4219 45.
185 4161 320 4236 Διδύμους
345 4179 368 4216 tt
393 4159 509 4218 Sextus:
542 4161 676 4234 Διδύμους
694 4159 715 4216 C
734 4159 764 4216 Μ
888 4165 933 4219 46.
967 4165 1074 4238 μοιρῶν
1092 4165 1120 4219 δι’
1140 4163 1253 4221 Sextus:

113 4256 221 4328 μοιρῶν
246 4255 289 4316 δὶς
311 4251 334 4308 C
362 4250 392 4307 Μ
513 4254 559 4308 47.
589 4251 672 4316 coda
695 4255 830 4330 Διδύμους
852 4273 877 4309 τι
900 4255 946 4309 xci
969 4255 1014 4310 τὸν
1036 4255 1112 4329 διομ.
1140 4255 1254 4311 Sextus:

114 4349 198 4413 ζόδιο
212 4346 243 4402 td
257 4347 334 4419 διομ.
354 4342 377 4402 C
394 4341 425 4400 Μ
539 4347 583 4401 49.
601 4346 712 4420 τροπικὰ
731 4344 846 4402 Sextum
865 4347 990 4419 τροπικὰς
1007 4343 1030 4404 C
1146 4349 1191 4402 49.
1211 4351 1255 4404 5⁰.

112 4439 284 4518 undidem
301 4437 348 4494 aad
365 4441 437 4492 notai
455 4434 572 4492 Sextus:
594 4438 714 4512 melles
737 4442 902 4514 δμπιριιιοιιῖ
926 4435 948 4492 C
970 4436 1000 4492 Μ
