3050 4988
217 201 281 270 344
327 201 568 287 (μασι-ιιι.)
653 205 749 264 unna
771 206 944 282 mma.
967 237 1011 251 -
1033 207 1134 284 τοι.

219 373 317 440 αὐτὸν
335 377 388 460 τῆς
409 371 611 459 ἀληθείας
630 373 927 460 ἐπηκολουθηκέναι
939 373 973 440 τδ
988 374 1127 462 ψεῦδος,
1144 381 1199 442 καὶ
1210 376 1266 443 διδ
1281 382 1380 446 τοῦτο

219 482 457 570 πληρωθέντων
478 483 541 546 τῶν
562 480 687 568 χρόνων
709 481 883 548 κατάλυσιν
905 481 1016 565 λαβεῖν
1039 481 1137 549 αὐτοῦ
1158 485 1193 550 ιδ
1215 485 1319 571 ε’ργον.

183 600 212 652 εί
308 591 360 656 55.
409 593 520 654 Ταῦτα
541 592 601 674 μὲν
622 586 681 654 οὖν
703 585 735 654 οἳ
756 587 824 654 οἷπδ
846 593 899 676 τῆς
923 588 1136 657 Οὐαλεντίνου
1159 593 1276 682 σχολῆς
1301 597 1381 680 περί

221 701 326 784 τετῆς
348 699 474 773 κτίσεως
496 700 550 761 καὶ
571 699 721 784 περὶτοῦ
752 699 872 773 παντὸς
898 696 1060 778 λέγουσιν,
1090 697 1233 766 ἑκάστοτε
1261 701 1381 766 καινό-

223 829 299 893 τερα
321 805 560 885 ἐπιγεννῶντες,
595 808 649 868 καὶ
676 807 765 868 τοῦτο
792 807 1020 892 καρποφορίαν
1049 805 1245 890 νομίζουσιν,
1273 811 1304 872 εἴ
1330 833 1379 885 ως

224 912 332 997 μείζον
350 909 469 997 δμοίως
486 910 633 998 ἐφευρῶν
653 921 870 998 τερατουργείν
899 908 997 990 δόξει.
1050 917 1114 978 Καί
1141 915 1177 980 ἐκ
1207 921 1269 981 τῶν
1295 940 1379 1002 γρα-

226 1026 300 1109 φῶν
320 1024 437 1086 ἐκαστα
464 1017 545 1108 πρδς
572 1017 645 1094 τοὺς
672 1021 920 1105 προειρημένους
947 1019 1112 1106 άριθμοδς
1141 1021 1380 1108 ἐφευρίσκοντες

187 1147 217 1198 κο
226 1127 386 1214 σύμφωνα
408 1131 614 1214 κατηγοροῦσι
634 1129 782 1201 Μωσέως
800 1127 805 1212 Ι
824 1130 878 1189 καὶ
900 1129 963 1191 τῶν
984 1133 1172 1215 προφητῶν,
1202 1130 1381 1216 φάσκοντες

227 1234 445 1322 άλληγορικῶς
466 1233 582 1310 αὐτοὺς
606 1233 645 1298 τό
667 1235 767 1318 μέτρα
800 1237 863 1298 τῶν
892 1234 1021 1299 αλῶνων
1053 1234 1173 1316 λέγειν,
1196 1239 1219 1302 οἳ
1240 1261 1382 1324 παρατι-

228 1346 326 1409 θέναι
347 1367 403 1428 μοι
425 1343 484 1408 οόκ
511 1342 631 1420 ἔδοξεν,
664 1342 742 1407 ὄντα
772 1339 904 1427 φλυαρᾶ
933 1347 987 1405 καὶ
1019 1340 1199 1423 άσόστατα,
1230 1345 1292 1432 ἤδη
1321 1350 1381 1412 τοῦ

226 1452 386 1538 μακαρίου
412 1451 625 1538 πρεσβυτέρου
650 1449 824 1534 Ελρηναίοο
856 1447 968 1524 δεινῶς
996 1454 1051 1512 καλ
1083 1456 1310 1538 πεπονημένος
1340 1455 1381 1520 τά

230 1557 373 1642 δόγματα
395 1556 502 1622 αὐτῶν
524 1556 754 1636 διελέγξαντος,
783 1553 859 1642 παρ’
890 1550 930 1620 οὗ
955 1558 1009 1620 καὶ
1039 1555 1145 1622 αδτῶν
1173 1559 1382 1647 ἐφευρηματα

191 1664 506 1753 το[παρειλη’φαμευ]
527 1661 776 1740 ἐπιδεικνύντες,
800 1660 916 1738 αδτους
938 1667 1167 1752 Πυθαγορείου
1184 1666 1382 1754 φιλοσοφίας

230 1777 285 1836 καί
322 1771 524 1860 δστρολόγων
565 1772 745 1859 περιεργίας
783 1772 882 1834 ταῦτα
920 1773 1202 1855 σφετερισαμένους
1236 1773 1384 1854 ἐγκαλείν

231 1882 359 1966 Χριστῷ
384 1883 484 1944 ταῦτα
507 1876 784 1966 παραδεδωκέναι.
834 1874 920 1940 Ἀλλ’
950 1876 1019 1942 ἐπεὶ
1041 1875 1159 1956 ἱκανῶς
1188 1881 1305 1964 νομίζω
1327 1901 1385 1958 καὶ

231 1985 270 2052 τὰ
291 1987 409 2052 τούτων
430 1985 561 2074 φλοαρδ
584 1984 730 2069 δόγματα
747 1983 953 2049 ἐκτεθείσθαι
969 1990 1082 2073 σαφῶς
1101 2012 1133 2053 τε
1146 1987 1381 2073 ἐπιδεδείχθω,

231 2096 325 2157 τίνων
345 2094 409 2158 ελεν
429 2094 575 2179 μαθηταὶ
595 2090 734 2179 Μάρκος
756 2114 788 2155 τε
805 2095 860 2155 καλ
876 2091 1101 2177 Κολάρβασος,
1123 2091 1155 2160 οί
1168 2099 1220 2182 τῆς
1236 2097 1384 2163 Οδαλεν·

194 2203 318 2267 συκίνου
340 2200 453 2288 σχολῆς
468 2199 615 2284 διάδοχοι
636 2200 810 2282 γενόμενοι,
834 2198 990 2283 ἴδωμεντέ
1004 2199 1085 2284 λέγει
1101 2207 1155 2266 καὶ
1165 2204 1378 2293 Βασιλείδης.Ι

325 2565 420 2635 τον
440 2569 571 2636 ποτε
595 2561 782 2636 amm
803 2561 1064 2634 mmm
1081 2551 1308 2636 ελπτον

682 2704 882 2768 ειειιοιι
900 2701 951 2766 2‘.

214 2975 226 3024 1
327 2958 354 3022 l.
403 2956 493 3022 Τάδε
514 2958 634 3024 ἔνεσαν
654 2956 691 3024 ἐν
711 2983 746 3052 τη
769 2957 891 3052 ἑβδόμη
913 2963 969 3025 τοό
991 2961 1072 3026 κατά
1094 2964 1209 3027 πασῶν
1230 2958 1385 3051 αἱρέσεων

235 3060 384 3142 ἐλέγχου·

237 3274 287 3322 σιν
304 3256 503 3344 ἐκφογοόσης
524 3255 622 3323 αὐτὸν
642 3261 695 3345 τῆς
712 3257 919 3346 α’ληθείας
933 3258 1231 3348 ἐπηκολουθηκέναι
1246 3263 1281 3327 τδ
1301 3267 1386 3352 ψεδ-

239 3363 310 3442 δος,
334 3369 388 3429 καὶ
410 3366 465 3429 διὰ
487 3369 577 3431 τοῦτο
599 3366 773 3433 κατάλυσιν
793 3366 1030 3454 πληρωθέντων
1042 3371 1105 3433 τῶν
1126 3367 1253 3455 χρόνων
1274 3370 1385 3456 λαβετν

241 3470 340 3538 αὐτοῦ
362 3475 396 3538 τδ
426 3473 529 3561 ἔργον.

331 3581 380 3647 15.
431 3585 496 3647 Καὶ
527 3584 599 3668 περὶ
626 3584 686 3666 μὲν
717 3584 771 3668 τῆς
798 3583 923 3658 κτίσεως
949 3585 1080 3648 τοιαῦτα
1117 3582 1279 3664 λέγοντες,
1309 3584 1387 3650 καθ’

241 3683 374 3773 ἑκάστην
393 3686 517 3774 ἡμέραν
535 3688 688 3770 ἐπιγεννᾷ
709 3693 838 3764 ἕκαστος
860 3688 966 3754 αιίτῶν
988 3691 1101 3767 καθολς
1123 3690 1260 3758 δυ’ναται
1277 3696 1386 3757 καινό-

241 3813 346 3877 τερον·
366 3793 482 3870 τέλειος
501 3796 562 3882 γάρ
585 3793 690 3871 οὐδεὶς
710 3795 728 3860 δ
750 3799 793 3883 μη
821 3795 947 3882 μεγάλα
975 3798 1147 3885 ψεύσματα
1177 3799 1253 3888 παρ’
1281 3798 1387 3878 αδτοίς

243 3901 504 3988 καρποφορησας.
548 3907 587 3968 Κ.
607 3925 633 3968 τ.
655 3903 685 3968 λ.

317 4097 360 4151 63.
380 4093 652 4162 ἐπικολοοθηκέναιῦ
744 4097 789 4150 66.
809 4097 853 4151 67.
872 4096 1023 4168 καινότερα]
1041 4096 1171 4169 κινῶπρα
1189 4095 1211 4152 C
1230 4094 1260 4151 Μ
1343 4101 1385 4155 68.

243 4192 336 4263 μεῖζον
353 4188 467 4263 ὁμοίως]
484 4189 609 4262 μείζονας
626 4188 726 4250 κλῶνας
743 4185 902 4244 Βωοιοσίοι
922 4187 1058 4263 (Analecta
1076 4191 1277 4245 Αιιιτ-Νίοαεκα
1296 4188 1386 4257 Vol.1,
1500 4235 1501 4250 2

245 4283 334 4356 360.J:
353 4280 398 4336 An
416 4285 587 4356 μετωνυμίας
601 4281 646 4336 vel
665 4281 840 4346 δλαζονείαςέ
952 4283 997 4336 71.
1015 4280 1220 4356 άληγορικῶςῦ
1342 4285 1386 4339 72.

248 4377 320 4438 ἔδοξε
339 4372 367 4428 ιδ
388 4370 537 4448 φλόαραῦ
628 4373 675 4430 73.
694 4374 884 4449 πεπονημένος
901 4371 939 4435 τίς
955 4370 1020 4428 rac
1114 4374 1159 4430 76.
1178 4374 1388 4453 παρειλήφαμεν]
