3050 4988
697 339 843 398 ltdtlctls.
1277 339 1338 404 est

194 523 280 569 mero
303 506 411 570 decem
432 514 517 593 sunt,
540 507 690 594 imagines
713 511 798 574 aiunt
820 525 891 574 esse
913 505 1075 573 invisibilis
1098 508 1234 596 decedis,
1256 529 1337 592 quae

194 618 243 677 cst
264 633 281 677 a
304 614 392 696 Logo
421 621 452 678 et
472 617 553 696 Vita3
581 615 794 680 duodecadem
822 624 923 680 autern
954 615 1105 680 declarari
1136 635 1192 698 per
1222 617 1337 682 Zodla-

194 739 263 785 cum
287 723 338 804 qui
360 730 490 787 vocatur
513 724 630 788 orbem.
688 723 772 787 llaec
806 725 887 787 enirn
914 723 1077 786 duodecim
1105 725 1193 806 signa
1223 727 1344 789 anima-

192 827 266 891 lium
300 829 548 894 manifestissime
581 831 721 896 Hominis
750 837 782 895 et
814 830 974 895 Ecclesiae
1007 829 1097 894 liliam
1127 830 1382 896 duodecademto

194 934 378 1000 adumbrare
402 937 516 1002 dicunt.
565 937 603 1002 Et
626 939 770 1019 quoniam
804 955 844 1000 ex
873 935 1006 1002 adverso
1036 940 1171 1003 iunctum
1194 945 1257 1024 est,
1289 940 1342 1002 in-

193 1045 271 1127 quit,
293 1044 509 1109 universorum
533 1046 752 1131 conversioni,
785 1062 866 1126 quae
896 1051 945 1108 est
966 1044 1146 1129 celerrima,
1174 1045 1260 1127 quod
1281 1064 1341 1110 su·

193 1169 292 1233 perne
324 1160 372 1216 est
395 1153 534 1238 caelum,
564 1152 646 1234 quod
673 1155 703 1216 in
726 1153 793 1236 ipsa
824 1153 1015 1218 concavitate
1047 1159 1157 1236 gruum
1183 1159 1214 1216 et
1240 1172 1341 1218 exas-

193 1266 268 1340 quat
288 1259 369 1325 illius
392 1261 583 1326 celeritatem
606 1266 727 1324 suamet
748 1259 908 1346 tarditate,
939 1267 972 1323 ut
993 1261 1073 1324 intra
1095 1259 1219 1343 triginta
1242 1278 1341 1325 annos

193 1368 405 1431 circuitionem
439 1388 457 1433 a
487 1370 578 1452 signo
606 1368 645 1431 ad
680 1368 801 1449 signum
830 1366 941 1445 iaciat3
966 1367 1133 1450 imaginem
1162 1365 1236 1430 illud
1258 1365 1288 1452 (i.
1312 1377 1380 1432 eto

193 1473 319 1560 caelum]
344 1493 415 1539 esse
439 1475 543 1540 dicun
565 1476 716 1561 Termini,
739 1476 791 1558 qui
820 1481 946 1540 matrem
969 1491 1090 1558 eorum,
1113 1493 1194 1556 quac
1216 1475 1340 1559 triginta

193 1581 348 1645 nominum
372 1589 437 1667 est,
462 1581 666 1664 amplectitur;
691 1581 856 1663 lunamque
883 1600 1007 1667 rursus,
1040 1581 1158 1646 caelum
1187 1582 1341 1648 ambeun-

191 1694 253 1750 tem
277 1688 355 1752 intra
379 1689 502 1770 triginta
526 1688 607 1773 dies,
642 1705 699 1770 per
731 1686 848 1751 dierum
879 1705 1038 1751 numerum
1062 1688 1235 1770 exprimere
1260 1706 1340 1754 aeo-

192 1812 277 1874 num;
299 1802 331 1858 ct
351 1794 449 1859 solem
473 1811 565 1880 nero,
595 1795 675 1860 intra
699 1793 863 1859 duodecim
885 1811 1011 1858 menses
1038 1794 1339 1878 circumplectentem

192 1907 223 1966 et
254 1903 469 1967 terminantem
502 1902 706 1966 orbicularem
738 1919 825 1966 suam
856 1903 1086 1986 reversionem,
1126 1900 1377 1967 duodecademott

192 2015 379 2092 monstrare;
410 2019 441 2074 et
470 2011 555 2092 ipsos
579 2027 655 2074 vero
679 2008 762 2091 dies,
797 2008 959 2073 duodecim
987 2008 1133 2073 horarum
1164 2027 1340 2073 mensuram

190 2115 357 2200 habentes,
386 2117 551 2202 imaginem
580 2134 696 2180 vacuae
727 2114 917 2181 duodecadis
951 2132 1044 2196 esse·;
1078 2123 1107 2179 et
1141 2117 1236 2198 ipsius
1263 2133 1339 2181 vero

190 2293 260 2340 esse
292 2275 429 2340 invisibis
461 2274 587 2341 decadis
616 2276 699 2357 cius,
735 2292 816 2356 quue
844 2294 862 2339 a
895 2273 983 2358 Logo
1014 2281 1046 2338 et
1076 2273 1140 2338 Zoe
1169 2293 1339 2360 progressa

189 2384 246 2462 sit;
270 2381 482 2448 duodecadem
506 2391 607 2446 autem
631 2379 753 2446 ostendi
775 2399 831 2463 per
854 2399 944 2460 eum,
968 2383 1019 2462 qui
1042 2380 1192 2447 Zodiaeus
1212 2389 1341 2448 vocatur

190 2489 332 2556 circulus.
390 2489 444 2556 Xll
467 2491 548 2553 enim
571 2490 660 2572 signa
682 2488 930 2552 manifestissime
951 2489 1089 2554 llominis
1118 2496 1149 2554 ct
1176 2489 1337 2556 Ecclesiae

190 2596 281 2661 filiam
314 2595 527 2661 duodecadem
558 2597 646 2678 quasi
678 2614 734 2677 per
763 2595 915 2678 quandam
945 2595 1082 2661 umbram
1119 2597 1257 2680 pinxisse
1288 2597 1339 2662 di-

189 2711 272 2771 cunt.
324 2703 363 2768 Et
394 2722 412 2768 e
444 2705 600 2769 contrario
639 2705 885 2785 superiunotum,
925 2704 1084 2787 inquiunt,
1123 2705 1338 2770 universorum

190 2815 277 2877 oneri
300 2829 368 2876 cum
390 2815 430 2876 sit
451 2811 678 2876 velocissimum
701 2809 784 2892 quod
808 2811 1034 2892 superpositum
1058 2817 1106 2874 est
1128 2811 1264 2897 caelum,
1288 2815 1339 2894 qui

189 2919 246 3006 (sic
255 2921 272 3006 l)
286 2920 326 2986 ad
343 2921 439 3002 ipsam
463 2920 718 2984 concenationem
733 2917 896 3003 adgravat,
920 2925 1004 2982 etex
1024 2919 1244 2982 contrarietate
1267 2938 1339 2984 mo-

191 3027 317 3092 deratur
339 3027 461 3092 illorum
484 3026 680 3091 velocitatem
705 3045 760 3092 soa
783 3026 942 3108 tarditate,
963 3027 1005 3090 ita
1027 3027 1112 3090 utin
1133 3025 1220 3091 XXX
1248 3027 1336 3092 annis

189 3136 347 3199 circuitum
371 3154 389 3198 a
411 3136 501 3218 signo
525 3136 555 3198 in
579 3133 699 3217 signum
724 3134 831 3216 iaciat,
856 3132 1022 3217 imaginem
1048 3132 1152 3197 dicunt
1177 3152 1245 3197 eum
1263 3135 1338 3199 llori

189 3243 271 3327 cios,
302 3243 353 3322 qui
385 3242 573 3325 trigesimam
606 3241 738 3304 nominis
768 3240 888 3305 illorum
915 3247 1042 3304 matrem
1073 3241 1340 3308 circumcontinet.

187 3351 301 3415 Lunam
325 3367 449 3432 quoque
471 3365 578 3413 rursus
603 3367 690 3414 suom
714 3348 832 3411 caelum
856 3349 1095 3413 circumeuntem
1118 3348 1205 3415 XXX
1228 3350 1338 3417 diebus

188 3475 243 3539 per
266 3456 332 3522 dies
356 3475 515 3520 numerum
537 3454 625 3520 XXX
648 3472 780 3520 aeonum
803 3455 987 3538 significare.
1042 3457 1080 3520 llt
1108 3456 1206 3521 solem
1236 3465 1337 3522 autem

187 3564 218 3627 in
251 3563 417 3629 duodecim
457 3563 613 3628 mensibus
654 3564 893 3630 circumeuntem
926 3568 957 3626 ct
989 3562 1197 3645 perficientem
1232 3567 1338 3629 circu-

186 3671 282 3736 larem
306 3688 392 3735 suam
416 3670 658 3754 apocatastasin‚
693 3687 750 3751 per
780 3669 942 3733 duodecim
972 3686 1095 3735 menses
1124 3669 1337 3740 duodecadem

187 3777 395 3842 manifestare.
441 3777 478 3840 llt
500 3779 586 3860 ipsos
609 3783 709 3841 autem
743 3763 809 3842 dies
842 3776 1006 3841 duodecim
1036 3777 1181 3843 horarum
1206 3801 1337 3847 mensu-

184 3903 248 3948 ram
290 3883 441 3948 habentes
480 3891 583 3967 typum
622 3903 684 3949 non
722 3887 897 3967 apparentis
931 3883 1118 3950 duodecadis
1157 3905 1247 3968 esse3
1279 3889 1336 3952 sed

185 4046 259 4101 dicut
276 4045 320 4111 id,
339 4045 414 4118 quod
433 4046 525 4100 statim
545 4044 733 4117 subiungitur:
761 4045 806 4112 etr
828 4043 918 4120 ὥραν,
940 4046 968 4100 rd
990 4048 1139 4104 deessem
1162 4053 1204 4119 τῆς
1221 4053 1336 4127 ἡμέρας,

184 4139 213 4192 lar
230 4136 369 4211 τριάκοντα
391 4137 499 4211 μοιρῶν
522 4139 718 4212 κεκοσμῆσθαι,
742 4141 854 4205 Horum,
879 4158 944 4211 prcus
962 4141 1012 4194 ‹ttes
1030 4144 1180 4198 duodecino
1204 4165 1268 4215 perr
1289 4156 1333 4211 cst,

184 4232 338 4300 estrigim
353 4233 471 4301 parntes
492 4239 618 4284 comeare.
658 4227 707 4284 Sol
726 4230 799 4285 euim
818 4229 916 4286 diebus
936 4231 1052 4304 cingulis
1070 4233 1203 4289 circulum
1222 4235 1333 4291 descri-

182 4320 237 4386 bit,
255 4320 303 4394 qui
322 4320 351 4374 in
370 4317 425 4375 Xll
444 4329 537 4392 partes
556 4318 717 4377 tricenarius
737 4322 839 4378 divisus
858 4323 988 4395 gradihus
1014 4333 1121 4381 constat
1144 4322 1280 4404 ccclx,
1299 4345 1332 4382 uc

183 4413 300 4484 proinde
326 4412 441 4483 singulis
468 4412 544 4468 horis
572 4415 781 4487 aequinoctialis
807 4413 861 4472 XV
890 4418 1004 4489 gradus,
1032 4419 1138 4474 duabus
1165 4419 1254 4487 horis,
1278 4421 1335 4477 sira

184 4501 241 4562 XII
259 4506 314 4562 dici
333 4514 427 4578 parte,
452 4503 537 4562 XXX
557 4508 658 4579 gradus
678 4509 797 4564 coniicit.
835 4507 1001 4565 Musauetur.
