3006 4976
212 257 275 323 τοι
318 254 501 342 (χιόνι.)
559 345 565 362 Ι
627 228 934 334 ιιοτιιιι,εε.ὐτ.
989 279 997 292 ·

211 429 350 511 μέγεθος
370 428 479 490 τοῦτον
497 423 559 504 ἔχει
574 421 629 486 τόν
647 421 777 508 τρόπον·
800 422 818 486 ό
838 424 1043 507 συμπαίκτης,
1066 422 1105 486 ὃν
1122 421 1205 506 ἔφην
1219 442 1358 506 κεκρυμ-

211 536 326 616 μένον,
354 532 448 618 η’νίκα
474 529 594 619 άκούση
624 533 830 614 παυσαμένης
858 533 910 614 τής
937 525 1107 612 έπαοιδής,
1143 528 1225 608 ἔχων
1252 528 1358 590 ίκτινα

212 639 234 723 ή
258 641 346 718 νύπα
373 636 633 722 περιειλημμένον
659 638 792 721 οτυπείῳ
819 633 955 720 άνάψας
983 633 1129 698 α’πολόει.
1173 633 1210 696 ‘0
1231 631 1267 695 δὲ
1290 631 1358 698 ὑπὸ

177 747 265 830 τετής
286 742 405 828 φλοχδς
425 743 658 828 ταρασσόμενος
679 742 723 815 είς
744 740 832 826 ὕψος
852 741 1016 826 ἐπαίρεται
1041 745 1097 802 καὶ
1122 739 1274 826 ὀξυτέραν
1299 738 1359 822 τήν

211 853 325 935 πτῆσιν
346 839 498 914 ποιείται·
529 849 547 912 6
576 846 695 921 ίδόντες
725 845 757 912 οἳ
783 847 914 931 μάταιοι
943 845 986 920 ιδς
1013 869 1040 910 τι
1062 849 1157 910 θεῖον
1184 843 1359 930 ἑωρακότες

213 956 411 1041 κρύπωνται.
465 954 512 1018 Τδ
535 953 571 1018 δὲ
593 953 712 1039 πτηνόν
733 952 993 1038 περιδινούμενον
1020 950 1085 1015 ύπδ
1112 955 1168 1014 τοῦ
1193 950 1294 1035 πυρδς
1315 946 1359 1014 ού

214 1065 257 1129 δν
278 1061 394 1150 φθάση
417 1063 656 1146 καταφέρεται··
675 1064 729 1122 καὶ
750 1063 826 1122 ποτέ
845 1063 905 1142 μὲν
926 1059 1029 1133 οίκίας
1050 1055 1256 1140 καταφλέγει,
1278 1061 1359 1120 ποτέ

216 1166 252 1231 δὲ
274 1171 328 1230 καὶ
349 1166 461 1242 αύλάς.
514 1166 651 1250 Τοιαύτη
674 1163 694 1251 ή
715 1165 828 1248 μάγων
850 1165 1035 1249 πρόγνωσις.

178 1300 209 1348 ω
302 1275 353 1338 37.
398 1271 539 1358 Σελήνην
559 1270 594 1334 δὲ
616 1271 652 1335 έν
673 1270 785 1356 δρόφῳ
802 1273 981 1358 φαίνεσθαι
999 1268 1176 1332 δεικνύουσι
1191 1271 1246 1330 καί
1264 1265 1359 1329 α’στέ-

217 1401 276 1465 ρας
296 1381 405 1442 τυῦτυν
424 1377 479 1442 τδν
500 1377 633 1462 τρόπον·
655 1375 692 1440 έν
708 1379 794 1460 μέσῳ
812 1379 864 1460 τῆς
883 1345 1111 1543 δροψρει
1128 1372 1360 1457 προσαρμόσας

217 1483 409 1570 κάτοπτρον,
437 1485 537 1557 τιθείς
562 1481 699 1566 λεκάνην
719 1480 835 1555 ύδατος
859 1479 973 1566 μεστήν
1000 1483 1099 1563 ν»τηῖ
1119 1482 1205 1564 μέσῳ
1227 1483 1279 1563 τῆς
1299 1481 1359 1563 χής

218 1585 287 1652 κατ’
314 1591 399 1666 ἴσον,
432 1587 549 1670 λύχνον
578 1586 614 1650 δὲ
641 1589 740 1671 μέσον
768 1589 926 1670 φαίνοντα
957 1584 1105 1672 άμαυρδν
1132 1584 1362 1669 μετεωρότερον

217 1697 270 1778 τῆς
285 1693 418 1778 λεκάνης
433 1696 518 1770 θείς,
541 1691 639 1766 οὕτως
655 1691 690 1755 aa
707 1696 760 1778 τής
778 1690 1043 1766 άντανακλάσεως
1062 1688 1211 1754 άποιελεΐ
1226 1688 1361 1773 σελήνην

181 1801 398 1882 ηχφαίνεσθαι
425 1796 480 1862 διδ
509 1801 564 1862 τοῦ
592 1798 784 1883 κατόπτρου·
817 1796 902 1860 άλλδ
930 1802 984 1860 καί
1011 1797 1176 1879 τύμπανον
1204 1793 1362 1870 πολλάκις

219 1901 275 1988 ὑφ’
296 1900 427 1988 ύφηλού
450 1903 622 1991 πόρρωθεν
644 1903 781 1988 ὄρθρων
802 1899 984 1988 περιβαλών
1006 1901 1117 1986 έσθήπ
1137 1903 1212 1976 τινί,
1242 1901 1360 1964 σκεπό-

219 1993 317 2090 μενον
338 2005 403 2070 ύπδ
425 2011 480 2070 τοῦ
505 2010 714 2090 συμπαίκτου,
736 2013 792 2072 ἵνα
812 2007 855 2092 μή
878 2007 941 2092 πρδ
960 2011 1074 2093 καιροῦ
1096 2011 1200 2096 φανῇ,
1224 2007 1361 2070 κατόπιν

221 2115 293 2185 θείς
314 2112 446 2192 λύχνον,
476 2111 561 2176 έπδν
582 2111 616 2176 τδ
644 2113 794 2198 σύνθημα
822 2114 972 2203 παράσχῃ
998 2117 1042 2200 τῷ
1067 2112 1278 2202 συμπαίκτη,Ι
1306 2133 1361 2176 το-

220 2218 332 2281 σοῦτον
354 2215 491 2302 άφαιρεί
510 2219 565 2282 τού
588 2217 820 2301 σκεπάσματος,
844 2218 921 2283 δσον
943 2222 985 2282 ἄν
1007 2222 1193 2304 συνεργῆσαι
1210 2222 1244 2282 τδ
1260 2239 1361 2302 προς-
1420 2223 1423 2230 “

184 2324 344 2408 ςομίμημα
371 2323 452 2389 κατά
478 2323 533 2388 τδν
565 2324 678 2408 καιρδν
699 2328 751 2408 τῆς
775 2323 902 2410 σελήνης
926 2324 961 2388 τό
984 2328 1098 2410 σχήμα.
1150 2327 1242 2409 Χρίει
1263 2322 1299 2387 δὲ
1320 2323 1360 2386 τδ

221 2423 437 2510 διαφαίνοντα
461 2428 516 2488 τού
541 2425 706 2508 τυμπάνου
731 2428 810 2512 μέρη
834 2427 1020 2512 κινναβάρει
1041 2431 1095 2490 καί
1116 2427 1213 2510 κόμμι
1240 2471 1361 2492 ......

221 2531 348 2614 καὶτῆς
373 2528 593 2614 έτυμολοχικής
618 2528 654 2594 δὲ
681 2529 819 2615 λαχήνου
841 2532 1023 2619 περικόψας
1049 2533 1104 2596 τδν
1130 2530 1285 2618 τράχηλον
1305 2535 1360 2594 καί

220 2635 275 2698 τόν
301 2637 473 2717 πυθμένα,
506 2635 615 2710 ένθείς
642 2635 759 2717 λύχνον
787 2643 842 2700 καί
866 2641 1011 2723 περιθείς
1039 2661 1067 2702 τι
1093 2641 1156 2702 τῶν
1177 2634 1361 2722 ἐπιτηδείων

221 2739 301 2825 πρδς
325 2739 360 2803 τδ
389 2738 532 2820 διανχείν
561 2745 681 2828 σχήμα,
714 2741 770 2816 τάς
795 2741 846 2829 ἐφ’
868 2741 998 2829 ύψηλοῦ
1025 2741 1165 2830 κρύβδην
1188 2740 1254 2806 δπό
1278 2763 1361 2816 τινος

184 2847 340 2930 ιισκέπην
367 2868 411 2920 τις
437 2849 500 2909 τῶν
527 2849 746 2928 συμπαικπδν,
778 2847 857 2930 μετὰ
884 2847 918 2911 τδ
946 2847 1057 2931 λαβεῖν
1083 2851 1117 2912 τδ
1145 2848 1297 2932 σύνθημα
1325 2847 1360 2911 ex

220 2950 376 3037 μειειόρου
399 2961 529 3030 καταχεί
548 2951 587 3014 τὰ
607 2952 835 3037 μηχανήματα,
857 2952 933 3016 ὥστε
955 2953 1062 3018 δοκεῖν
1080 2953 1115 3030 έξ
1137 2951 1278 3039 ούρανοῦ
1300 2975 1359 3016 κα-

220 3059 321 3120 τιέναι
348 3055 404 3142 τήν
431 3057 572 3143 σελήνην.
630 3060 676 3122 Τδ
699 3056 735 3121 δέ
758 3057 870 3142 ὅμοιον
891 3063 946 3122 καί
973 3058 1028 3123 διδ
1050 3060 1166 3144 χύτρας
1185 3062 1303 3139 γίνεται
1324 3058 1359 3122 έν

220 3157 355 3224 ύλιύδεσι
376 3160 493 3238 τόποις.
536 3163 600 3226 Διὰ
622 3162 659 3226 δὲ
675 3167 728 3248 τῆς
748 3164 864 3250 χύτρας
880 3169 934 3228 καὶ
951 3164 990 3227 τά
1009 3163 1081 3228 κατ’
1099 3165 1188 3228 οίκον
1207 3162 1359 3238 παίζεται.

221 3267 343 3347 Βωμοό
372 3267 434 3354 γάρ
464 3270 608 3350 κειμένου
636 3268 771 3332 κατόπιν
800 3279 899 3332 κείται
928 3268 947 3355 ή
974 3271 1073 3356 χύτρα
1100 3270 1216 3351 ἔχουσα
1245 3267 1360 3350 λύχνον

198 3373 395 3455 ηφαίνοντα·
418 3372 519 3436 όντων
539 3372 576 3437 δὲ
596 3373 755 3438 πλειόνων
776 3374 901 3456 λύχνων
918 3373 1016 3439 οδδὲν
1035 3380 1176 3440 τοιοῦτον
1194 3374 1359 3439 δείκνυται.

216 3475 318 3540 Ἐπδν
338 3474 398 3540 οόν
416 3477 638 3564 ἐπικαλέσηται
657 3478 674 3542 6
693 3477 846 3554 έπαοιδδς
862 3480 918 3564 τήν
933 3479 1077 3566 σελήνην,
1101 3481 1225 3554 πάντας
1245 3479 1360 3542 κελεύει

220 3577 292 3654 τούς
312 3578 447 3660 λύχνους
468 3583 681 3663 σβέννυσθαι,
703 3583 761 3645 ένα
778 3580 814 3645 δὲ
834 3581 982 3668 δμαυρδν
1001 3582 1203 3659 καταλιπεῖν,
1225 3587 1280 3646 καί
1295 3581 1360 3646 τότε

222 3682 409 3766 όντανακλᾷ
426 3686 461 3750 τδ
480 3690 550 3771 φάς
567 3687 601 3750 τδ
621 3686 656 3751 ἐκ
675 3690 727 3771 τῆς
743 3688 859 3772 χύτρας
877 3689 922 3764 είς
940 3689 995 3754 τόν
1013 3690 1139 3775 ὄροφον
1156 3693 1210 3752 καί
1230 3690 1360 3774 παρέχει

200 3795 405 3875 ,φαντασίαν
432 3793 560 3878 σελήνης
589 3803 653 3870 τοϊς
683 3796 858 3878 παροῦσιν,
889 3793 1183 3870 έπισκεπασθέντος
1207 3797 1263 3858 τού
1291 3793 1360 3858 στό-

219 3919 318 3980 ματος
337 3901 390 3983 τῆς
410 3899 525 3985 χύτρας
546 3899 627 3985 πρδς
649 3899 667 3988 6
689 3897 836 3962 άπαιτείν
858 3898 876 3964 δ
897 3904 1007 3985 καιρδς
1029 3899 1125 3976 δοκεί,
1149 3898 1192 3974 ιδς
1212 3898 1360 3985 μηνοειδῆ

219 4002 409 4068 δείκνυσθαι
430 4003 466 4068 έν
486 4007 529 4091 a?
552 4003 663 4092 ὀρόφῳ
690 4005 745 4090 τήν
766 4007 958 4089 φαντασίαν.

290 4175 334 4230 73.
354 4173 420 4227 ίιπίκ
438 4171 474 4226 C:
501 4173 572 4226 ίκτίύ
591 4170 621 4228 Μ
738 4175 783 4229 80.
804 4173 939 4230 δεικνύναι
957 4172 994 4229 C:
1020 4175 1155 4230 δεικνύασι
1172 4170 1202 4228 M
1317 4173 1358 4226 83.

217 4264 275 4318 κατ’
296 4265 364 4335 ἴσον]
384 4261 509 4318 κτίσονο
625 4261 772 4334 φαίνωνῦ
886 4267 932 4320 85.
958 4265 1084 4328 πολλάκις
1101 4265 1181 4335 [θείς]
1200 4264 1240 4336 ἐφ’
1261 4263 1360 4333 ὑψηλοῦ

217 4357 350 4428 τορνωδδν
370 4357 471 4428 ὄρθιον
492 4394 498 4408 .
519 4394 526 4408 .
549 4394 555 4407 .
578 4355 620 4410 vel
644 4357 735 4426 ροιίοι
753 4356 846 4429 πόρρω
866 4355 940 4412 τεθὲν
958 4357 1055 4428 ὄρθιον
1071 4373 1148 4428 susp.
1165 4352 1196 4410 Μ
1316 4355 1358 4407 89.
