3056 4970
593 317 696 376 stuon
717 313 844 374 nasus.
975 367 978 371 .
1175 291 1293 377 'aaa

239 483 289 549 28.
333 485 498 566 Postquam
518 487 613 570 igitar
634 485 725 548 etiam
745 484 851 549 lustini
864 483 1119 566 pseudcpnostici
1132 485 1315 550 conaminatt

153 593 373 676 exposuimus,
407 593 509 675 placet
537 595 628 658 etiam
658 593 844 674 comparium
874 591 1046 656 haeresium
1077 593 1239 674 opiniones
1264 593 1295 656 in

154 701 240 764 lihris
263 699 412 781 deinceps
435 718 613 783 exponere,
643 699 756 763 nullum
781 707 883 762 antem
906 699 1084 782 relinquere
1106 699 1297 764 irrefutatam

157 825 282 892 eorum,
307 806 377 870 dum
401 808 583 888 apponimus
607 806 644 870 ab
667 807 704 870 iis
727 805 826 888 (licta,
849 805 1032 869 sufficientia
1054 805 1104 870 illa
1127 806 1165 869 ad
1189 823 1298 870 exem-

155 913 259 998 plum,
292 915 412 977 etiamsi
437 913 536 978 selum
567 913 726 977 edicantur
754 913 914 976 recondita
942 911 1022 995 apud
1046 929 1102 977 eos
1124 920 1155 976 et
1175 931 1299 997 arcana,

157 1039 237 1103 qaae
268 1039 365 1104 segre
396 1036 465 1084 curn
494 1020 586 1084 multo
613 1021 721 1084 labore
742 1020 900 1083 initiantur
920 1021 1139 1102 imprudentes,
1181 1019 1337 1090 Viden-to

158 1147 224 1191 anus
244 1128 337 1212 igitur
359 1128 433 1211 quid
457 1129 546 1192 etiam
570 1129 675 1194 Simon
696 1126 787 1191 dicat.

602 1344 880 1358 m

309 1526 650 1652 ⁴tttatsttnantolns
678 1575 855 1650 carmon
882 1573 1147 1648 nasanstnn

581 1741 693 1806 LIBER
723 1738 883 1808 SEXTUS.

640 1911 827 1926 m

250 2047 278 2114 1.
322 2049 408 2114 llaec
433 2052 536 2114 insunt
562 2051 593 2114 in
623 2059 712 2116 sento
744 2051 824 2116 libro
851 2050 1045 2118 refutationis
1068 2051 1201 2160 omnium
1224 2049 1325 2116 hae-t

161 2173 287 2220 restam.

248 2261 278 2327 2.
322 2260 479 2336 Quaenam
502 2263 562 2325 sint
585 2263 717 2329 Simonis
735 2263 905 2350 conamina,
929 2272 960 2330 et
973 2264 1041 2328 eius
1057 2262 1168 2348 dogma
1181 2281 1222 2326 ex
1235 2281 1304 2326 nta-

163 2368 240 2452 gicis
263 2375 294 2430 at
315 2369 444 2450 po'eticis
468 2369 527 2431 vim
550 2368 676 2433 hahere.

250 2472 280 2539 3.
326 2474 482 2550 Quaenam
499 2476 679 2542 Valentinus
699 2477 821 2561 doceat,
844 2478 930 2540 cuius
944 2475 1056 2558 dogma
1074 2491 1137 2535 non
1158 2478 1326 2537 constares

166 2601 207 2648 ex
228 2583 394 2666 scripturis,
416 2581 472 2644 sed
496 2602 536 2645 ex
559 2582 722 2648 Platonicis
746 2592 776 2647 et
798 2581 1000 2665 Pythagoreis
1022 2560 1148 2661 placitis.

251 2693 281 2752 t.
325 2689 363 2752 Et
386 2707 536 2772 quaenam
560 2690 731 2772 placuerint
753 2688 896 2755 Secundo
913 2669 1139 2750 et⁴Ptolemaao
1161 2681 1306 2768 etllera-

167 2795 279 2878 clecni,
310 2803 344 2858 ut
367 2803 397 2858 et
418 2797 475 2877 ipsi
496 2796 604 2858 iisdem
627 2797 737 2879 quibus
760 2797 947 2862 Graecorum
971 2787 1146 2875 philosophi
1168 2789 1215 2852 usi
1237 2789 1306 2868 sint,

165 2900 222 2965 sed
246 2899 312 2963 aliis
334 2900 445 2963 verbis.

254 3007 282 3071 5.
327 3006 483 3082 Quaenam
508 3005 604 3069 Marci
627 3013 659 3069 et
682 3005 840 3071 Colarbasi
863 3005 987 3068 decreta
1010 3002 1132 3086 ineunt,
1156 3008 1187 3066 et
1209 3011 1345 3084 quos-lc

168 3112 237 3175 dam
269 3130 377 3175 eorum
407 3112 445 3177 ad
478 3115 614 3195 magicas
649 3120 730 3176 artes
762 3121 791 3176 et
824 3129 970 3176 numeros
998 3110 1211 3194 Pythagoreos
1235 3123 1307 3171 sese

168 3219 359 3301 applicuisse.

252 3326 282 3390 6.
326 3325 484 3408 Quotquot
506 3327 597 3408 igitur
618 3324 789 3390 sententiae
815 3323 988 3408 placuerint
1016 3324 1070 3404 iis,
1104 3323 1155 3404 qui
1185 3339 1202 3384 a
1236 3337 1309 3384 ser-

99 3447 106 3462 ·
168 3440 261 3514 pente
289 3433 373 3497 initia
402 3432 560 3496 doctrinae
585 3448 659 3493 suaa
687 3435 918 3512 assumpserunt
941 3437 971 3491 et
992 3447 1160 3512 progressu
1184 3433 1307 3508 tempo-

170 3557 237 3602 runt
260 3539 290 3603 in
315 3545 451 3622 apertum
475 3545 648 3601 commenta
672 3554 726 3598 sua
749 3543 860 3620 sponte
882 3535 1096 3618 prodiderunt,
1117 3535 1148 3597 in
1168 3553 1206 3597 eo
1219 3533 1309 3618 libro,
1318 3543 1347 3596 ts

169 3647 220 3728 qni
250 3643 331 3710 hunc
362 3643 521 3728 praecedit
551 3645 639 3726 isque
667 3643 862 3736 refutationis
893 3639 1063 3705 haeresium
1099 3643 1219 3724 quintus
1253 3646 1309 3722 est,

170 3754 310 3834 exposui.
366 3751 427 3815 lant
453 3770 529 3816 vero
552 3771 592 3814 ne
615 3769 722 3814 eorum
745 3748 868 3831 quidem
890 3749 941 3829 qui
963 3748 1118 3814 subsecuti
1140 3755 1211 3812 sunt
1233 3765 1310 3810 sen-

169 3859 280 3922 tentias
314 3858 429 3942 silebo,
465 3857 521 3921 sed
552 3875 593 3920 nc
622 3875 712 3921 unam
741 3855 864 3938 quidem
894 3855 1081 3919 irreiutatam
1106 3855 1258 3936 omittam,
1285 3855 1310 3917 si

172 3966 296 4047 quidem
320 3964 387 4028 lieri
411 3971 522 4049 polest,
552 3972 585 4028 ut
612 3982 719 4028 omnes
743 3981 981 4027 commemorem
1005 3980 1175 4043 corumque
1198 3978 1310 4024 arcana

170 4073 273 4157 orgia,
304 4090 382 4154 quae
405 4074 514 4137 meritc
534 4073 623 4156 orgia
646 4068 827 4154 appellanda
850 4076 942 4148 sunt;
975 4085 1038 4131 non
1066 4069 1147 4131 enirn
1171 4065 1351 4147 prolectoto

145 4231 148 4236 Ι
170 4265 300 4316 τελείωσιν
317 4259 474 4317 Buusenins
494 4261 653 4334 (Hippolytus
672 4264 727 4316 aad
743 4263 784 4314 ltt'a
801 4279 848 4330 ape
872 4261 899 4313 2.
911 4259 954 4312 cd.
975 4259 998 4323 l,
1017 4251 1098 4329 3501:
1116 4259 1228 4328 μείωσιν
1247 4249 1312 4308 cll

174 4356 215 4410 15.
235 4353 370 4432 ἑκουσίως]
390 4355 505 4416 ἀνοσίως
522 4351 679 4408 Bussenius
698 4354 716 4408 1.
735 4353 754 4406 l.
826 4351 1082 4423 προσενεγκαμένοις
1094 4344 1116 4401 C
1129 4345 1158 4400 M
1268 4343 1310 4399 16.

171 4445 231 4510 τοὺς
248 4447 372 4519 lunave
389 4443 411 4501 C
428 4443 459 4500 ll
