3052 4984
241 287 305 354 394
349 289 568 372 (peccone.)
681 295 774 352 ιιοιιι
797 295 853 368 ιιι,
878 298 930 356 oo.
952 299 1003 355 οι.

239 455 319 533 λαν,
342 454 478 541 (τούτων
496 456 558 543 γάρ
586 455 683 523 οῦδὲν
707 457 744 522 ἐν
772 461 816 546 τῷ
843 457 924 524 κατά
958 457 1100 546 Μάρκον
1128 455 1300 543 εδαγγελίφ
1328 454 1390 534 γέ-

238 567 403 650 γραπται),
416 563 501 628 otte
510 563 862 651 ἘμπεδοκλῆςΜιιῦνος
872 565 1127 656 Ἀκραγαντῖνος,
1144 568 1182 632 όν
1189 563 1390 646 συλαγωγῶν
1515 659 1516 664 ¹

200 673 330 756 ςρμόχρι
352 674 412 736 νῦν
433 671 616 737 λανθάνειν
635 670 843 757 ὑπελάμβανε
864 678 920 762 τὴν
941 675 1096 762 διαταγὴν
1116 675 1220 760 πάσρς
1240 675 1293 760 τῆς
1314 668 1392 736 κατ’

238 777 338 844 αδτδν
359 776 509 866 αἱρέσεως
530 779 597 848 άπδ
622 786 675 868 τῆς
696 783 843 860 Σικελίας
871 784 917 861 εἷς
936 785 1009 860 τοδς
1030 782 1251 866 εδαγγελικοδς
1271 779 1391 861 λόγους

235 889 425 973 μεταφέρων
447 886 560 965 αδταῒς
576 889 689 968 λέξεσι.
741 891 825 976 Φέρε
852 890 933 977 γάρ,
965 889 992 956 δ
1020 893 1198 978 Μαρκίων,
1228 886 1386 972 καθάπερ
1515 979 1516 982 ¹

235 994 291 1080 τὴν
313 993 571 1082 άντιπαράθεσιν
591 1002 769 1084 πεποίηκας
790 998 923 1078 άγαθοῦ
945 1004 999 1064 καί
1021 1003 1138 1077 κακοῦ,
1166 995 1387 1083 άνιιποιραθιῦ

236 1099 323 1182 κάγο)
347 1103 483 1190 σήμερον
504 1104 757 1171 κατακολουθῶν
777 1117 842 1183 τοίς
862 1117 946 1186 σοῖς,
980 1106 1024 1184 τός
1045 1104 1300 1191 ὑπολαμβάνεις,
1324 1101 1387 1168 δό-
1515 1157 1516 1174 ι

198 1226 346 1292 ςεγμασι.
397 1216 598 1298 Δημιουργδν
627 1213 692 1304 φῂς
712 1214 794 1278 εἶναι
816 1219 872 1279 τοῦ
904 1215 1023 1301 κόσμου
1050 1214 1209 1301 πονηρόν·
1231 1213 1298 1278 eho
1326 1207 1388 1276 οῦκ

236 1316 416 1408 ἐγκαλύπτῃ
437 1319 509 1395 τοῦς
527 1318 775 1403 Ἐμπεδοκλέους
798 1321 911 1401 λόγους
932 1323 988 1408 τήν
1016 1321 1186 1408 ἐκκλησίαν
1218 1321 1383 1406 carpzov,-

233 1423 386 1506 Ἀγαθὸν
408 1427 472 1518 φῄς
491 1428 574 1492 εἶναι
596 1429 677 1494 θεόν
698 1428 897 1494 καταλύοντα
916 1431 955 1494 τό
971 1433 1027 1496 τοῦ
1046 1431 1051 1517 Ι
1071 1429 1264 1516 δημιουργοῦ
1286 1425 1383 1512 ποιή-

235 1555 341 1617 ματα·
364 1531 420 1597 είτ’
442 1531 482 1598 οῦ
504 1539 701 1620 καταφανῶς
721 1537 777 1622 τὴν
793 1535 1043 1621 Ἐμπεδοκλέους
1065 1534 1179 1624 φιλίαν
1199 1532 1383 1622 εῦαγγελίζρ

236 1650 302 1715 τοῖς
323 1637 539 1727 άκροωμένοις
559 1642 614 1707 τδν
635 1641 782 1724 άγαθόν,Ι
814 1642 952 1720 Κωλῦεις
972 1655 1105 1728 γαμείν,
1128 1645 1258 1708 τεκνοῦν
1261 1690 1273 1720 ,
1297 1639 1382 1706 άπέ-

200 1751 354 1828 ωχεσθαι
375 1749 566 1835 βρωμάτων,
603 1746 649 1816 dv
670 1749 688 1814 d
711 1752 791 1827 θεὸς
818 1751 935 1816 ἔκτισεν
962 1753 1008 1829 εἰς
1035 1749 1218 1838 μετάληψιν
1238 1760 1304 1825 τοϊς
1324 1771 1382 1814 πι-

235 1865 319 1931 στοῖς
339 1861 394 1920 καί
413 1856 605 1938 ἐπεγνωκόσι
626 1857 682 1944 τὴν
696 1857 879 1944 άλήθειαν·
901 1857 973 1935 τοῦς
986 1857 1236 1942 Ἐμπεδοκλέους
1249 1855 1383 1921 λανθά-

234 1983 299 2038 νεις
333 1962 496 2028 διδάσκων
529 1966 738 2052 καθαρμούς,
771 1965 927 2052 ἑπόμενος
964 1966 1026 2054 γάρ
1060 1965 1103 2044 ὥς
1135 1965 1270 2053 άλρθῶς
1300 1964 1382 2029 κατὰ

125 2113 133 2124 ·
235 2069 344 2135 πάντα
365 2071 463 2158 τοόπμ
485 2075 524 2135 τά
546 2071 701 2158 δράματα
723 2077 956 2160 παραιτεῖσθαι
985 2074 1059 2150 τοῦς
1087 2072 1201 2138 ἑαυτοῦ
1231 2075 1383 2158 μαθητάς

235 2172 413 2253 διδάσκεις,
439 2181 494 2240 ίνα
515 2178 559 2263 μὴ
581 2177 708 2264 φάγωσι
729 2178 823 2261 σῶμά
852 2203 880 2242 τι
902 2177 1062 2266 λείψανον
1091 2180 1198 2266 ψυχῆς
1230 2175 1293 2242 ont
1325 2179 1382 2241 τοῦ

197 2279 430 2369 ιιδρμιοοργοῦ
451 2283 699 2370 κεκολασμένης·
728 2284 813 2360 λῦεις
834 2285 907 2360 τοῦς
936 2282 1001 2350 ῦπδ
1025 2288 1082 2350 τοῦ
1111 2287 1195 2350 θεοῦ
1224 2300 1383 2370 συνηρμο-

236 2393 370 2474 σμένους
390 2391 512 2476 γάμους
539 2403 603 2467 τοϊς
620 2390 869 2475 Ἐμπεδοκλέους
899 2390 1094 2458 άκολονθιῦν
1122 2391 1293 2476 δόγμασιν,
1325 2395 1382 2454 ίνα

234 2515 285 2563 σοι
307 2497 465 2590 φυλαχθῇ
486 2498 521 2564 cd
543 2503 596 2585 τῆς
618 2498 729 2585 φιλίας
748 2497 841 2584 ἔργον
861 2503 897 2565 έν
919 2498 1113 2587 άδιαίρετον.
1165 2503 1292 2586 Διαιρεί
1317 2499 1379 2586 γδρ

235 2605 369 2691 δγάμος
391 2607 471 2672 κατά
489 2605 706 2692 Ἐμπεδοκλέα
727 2609 760 2673 τὸ
782 2611 819 2672 ἐν
840 2609 894 2672 καὶ
916 2618 1004 2674 ποιεί
1023 2607 1141 2687 πολλά,
1163 2607 1278 2684 καθιδς
1298 2603 1381 2672 άπε-

234 2714 393 2798 δείξομεν.

197 2839 227 2888 ιο
322 2823 374 2889 31.
413 2819 457 2886 ‘H
473 2823 533 2905 μὲν
553 2817 612 2886 οὖν
633 2819 741 2909 πράοιγ
762 2825 817 2885 καί
838 2821 1065 2907 καθαριιοτάτρ
1082 2825 1278 2908 Μαρκίωνος
1294 2827 1383 2910 clpa-

235 2944 299 3005 σις,
323 2927 359 3006 ἐξ
380 2926 514 3008 άγαθοῦ
537 2933 591 2992 καί
614 2931 715 2993 κακοῦ
736 2926 792 3014 τὴν
813 2928 963 2993 σύστασιν
979 2927 1112 3010 έχονσα,
1131 2927 1382 3014 Ἐμπεδοκλέους

234 3035 311 3121 ἡμῖν
340 3036 424 3100 εἷναι
445 3038 688 3122 πεφανέρωται·
732 3035 803 3101 ἐπεὶ
832 3035 868 3100 δὲ
890 3035 926 3100 ἐν
947 3045 1011 3112 τοίς
1032 3033 1113 3100 καθ’
1141 3033 1225 3124 ἡμᾶς
1250 3037 1379 3124 χρόνοις

234 3147 294 3208 νῦν
315 3142 501 3229 κοινότερόν
520 3168 549 3208 τι
570 3144 749 3230 ἐπεχείρησε
770 3143 1017 3231 Μαρκιωνισιής
1037 3167 1082 3220 τις
1103 3149 1242 3231 Πρέπων
1258 3142 1381 3210 Ἀσσά-

235 3273 319 3336 ριος,
340 3252 422 3338 πρὸς
443 3250 675 3338 Βαρδησιάνρν
695 3257 750 3315 cdv
772 3250 947 3335 Ἀρμένιον
976 3251 1145 3337 ἐγγράφως
1165 3253 1302 3339 ποιήσας
1323 3250 1381 3318 λό-

198 3370 227 3420 tt
233 3379 310 3440 γους
329 3363 402 3442 περὶ
421 3361 474 3444 τῆς
496 3356 646 3443 αἱρέσεως
649 3407 661 3437 ,
692 3356 769 3422 οδδέ
798 3361 888 3424 τοῦτο
918 3358 1129 3445 σιωπήσομαι.
1176 3363 1290 3447 Τρίτιγν
1311 3358 1381 3446 φό-

235 3553 332 3610 tlteton
350 3571 365 3607 a
385 3552 450 3607 riria
472 3551 560 3607 doctis
579 3551 730 3608 infeliciter
748 3559 923 3607 attrectatum
941 3551 1088 3608 vindicavit
1115 3549 1141 3607 J.
1162 3550 1191 3610 S.
1210 3551 1258 3608 W.
1277 3553 1306 3608 in
1327 3557 1380 3609 Τλε
1492 3579 1496 3586 ·

233 3650 347 3703 Journal
364 3651 395 3715 of
409 3649 530 3703 οίοιάοοί
547 3649 602 3700 aad
616 3649 710 3701 ιοοιειί
726 3647 861 3717 pltilolopy.
902 3647 1059 3716 Camln'dpe.
1087 3647 1179 3700 λίανολ
1197 3647 1279 3702 1855.
1296 3649 1379 3718 pet,

234 3740 324 3796 allotie
343 3737 385 3795 hie
406 3757 439 3794 ex
456 3739 627 3812 praefatione
647 3756 717 3814 quae
737 3737 837 3792 dicitur
854 3735 1018 3809 Hieronymi
1038 3737 1072 3792 ad
1092 3735 1272 3809 Euangeliou
1292 3737 1378 3796 Marci

233 3833 262 3887 in
282 3829 349 3888 cod.
368 3830 521 3886 Amiatino:
548 3833 663 3903 Denique
689 3841 834 3903 amputatae
858 3833 906 3884 aidi
929 3841 986 3902 port
1000 3834 1075 3900 fidem
1092 3831 1208 3901 pollicem
1227 3833 1336 3897 dicitur,
1353 3839 1383 3886 ιιί

233 3925 373 3976 ιαιειάοιίο
391 3923 513 3992 reprobus
531 3925 667 3978 λαδενειιιι
685 3929 738 3975 cet.
782 3917 887 3976 Eodem
906 3921 1026 3974 uenatio
1045 3919 1148 3991 legitur
1172 3922 1254 3977 etiam
1273 3923 1301 3978 in
1321 3917 1381 3978 Co-

233 4014 294 4069 dice
312 4012 451 4078 Arabico,
467 4029 549 4085 quem
567 4010 805 4068 Flciecherue
835 4010 983 4083 descripsit
1004 4011 1033 4065 in
1059 4015 1205 4083 Ζιίιωλιὶγι
1231 4017 1277 4068 der
1301 4017 1382 4069 Deut-

230 4109 308 4162 εοίιιιι
326 4105 578 4177 ιιιονρειιίᾶιιδίιελειι
598 4107 772 4174 (ἐειείίιαίισγῖ.
792 4105 893 4174 λείμιίρ
909 4103 991 4157 1854.
1028 4098 1090 4157 vol.
1102 4101 1176 4168 Vlll,
1191 4103 1290 4176 p.586‚
1309 4103 1382 4177 quod

234 4196 421 4254 teatimonium
447 4192 484 4249 H.
511 4192 649 4250 Eualdo
681 4195 823 4251 debemur.
874 4194 990 4252 Videtur
1016 4205 1108 4251 autem
1132 4192 1301 4267 Hippolytua
1331 4191 1383 4250 lr'ac

232 4289 418 4364 appellatione
436 4288 499 4344 ideo
519 4305 585 4343 οτιιι
605 4304 681 4354 ecre,
701 4297 732 4343 ut
749 4288 830 4342 aimul
849 4287 986 4344 alluderet
1004 4289 1039 4343 ad
1059 4288 1221 4354 mutilatum,
1237 4287 1383 4361 quoldar-

238 4385 300 4439 cion
320 4392 461 4448 uteretur,
481 4381 668 4453 evangelium,
693 4381 780 4455 qnod,
811 4399 873 4436 oum
896 4379 987 4437 Lucae
1006 4391 1095 4448 ercet,
1113 4379 1282 4453 llippolptoa
1300 4397 1382 4452 praro

237 4474 333 4532 Marco
351 4473 535 4530 adscribebat.
579 4473 670 4541 idem,
689 4491 750 4530 cum
774 4473 888 4530 Paulum
907 4473 1004 4531 Marco
1024 4475 1176 4540 consociet,
1194 4471 1382 4531 Marcioneuur
