3002 4958
485 311 626 368 tultus.
659 309 905 371 immotus.
1243 313 1263 376 9

211 474 237 537 l.
288 477 406 540 llicitur
429 478 539 542 Thales
567 480 701 543 Milesius
737 499 815 544 unus
845 482 885 544 de
922 489 1039 562 neptem
1072 481 1301 563 sapientibusso
1329 549 1330 554 ,

120 583 236 663 primus
258 583 473 667 philosophiae
496 585 641 669 physicae
664 594 772 652 auctor
794 591 940 654 extitisse.
994 589 1050 653 llio
1075 589 1151 652 dixit
1173 591 1262 671 prin·
1319 665 1323 671 ¹

109 691 231 770 ‘oinium
254 693 389 756 universi
412 711 483 756 esse
506 702 539 757 et
560 695 652 758 linem
675 713 796 778 nquam.
839 697 886 760 Ex
908 715 945 760 ea
969 699 1048 760 enim
1062 699 1162 760 urrrnia
1183 669 1263 758 con'-

119 805 204 862 starc
227 806 259 862 ct
281 810 427 865 concreta
451 809 482 864 et
508 821 614 866 rursus
643 803 806 886 dissolute,
840 811 871 866 et
902 823 939 868 ea
970 805 1115 868 sustineri
1153 807 1263 890 omnia,

120 906 203 970 unde
227 914 258 970 et
280 913 383 972 terrae
421 917 521 974 motus
552 918 582 972 et
616 910 768 975 deminum
800 913 1024 975 conversiones
1051 920 1083 975 ct
1113 921 1263 977 astrorum

120 1019 231 1075 motus.
277 1011 314 1074 Et
338 1014 440 1076 omnia
464 1019 494 1076 et
515 1013 588 1076 lerri
613 1020 644 1076 et
665 1013 762 1078 lluere
786 1017 873 1097 prinu
897 1023 983 1078 ortus
1006 1017 1302 1097 ipsommauctc-vu

118 1121 315 1183 dsuntmam
332 1127 449 1186 secuta.
493 1123 632 1185 Divinum
659 1130 760 1186 autem
784 1123 813 1185 id
838 1123 1008 1204 essequod
1030 1141 1132 1204 neque
1147 1124 1264 1205 princi-

120 1231 203 1310 pium
227 1229 340 1293 hebent
360 1247 462 1312 neque
484 1229 585 1292 linem.
631 1229 686 1293 llic
709 1231 790 1294 cirea
814 1239 965 1295 astrorum
987 1232 1140 1308 rationem
1160 1240 1192 1296 et
1212 1234 1264 1295 in-

119 1337 359 1418 vestigationem
381 1344 521 1400 versatus
550 1336 675 1400 Graecis
705 1337 794 1401 huius
823 1339 982 1402 doctrinae
1011 1340 1126 1420 priam
1155 1347 1265 1403 auctor

121 1441 237 1522 eradit,
260 1445 312 1524 qui
335 1443 419 1506 vultu
442 1445 472 1505 in
495 1443 615 1506 caelum
636 1443 757 1508 sublato
781 1454 812 1507 et
833 1445 971 1508 sublimia
994 1447 1118 1510 curiose
1141 1449 1264 1527 perspi-

120 1565 196 1609 cere
218 1547 336 1610 iactans
358 1547 388 1609 iu
414 1553 535 1628 puteum
557 1546 677 1629 incidit,
707 1565 798 1629 quem
822 1547 954 1610 irridens
982 1549 1089 1611 ancilla
1113 1549 1263 1630 quaedam
1289 1563 1302 1613 t

119 1654 246 1718 'lhratta
260 1655 385 1718 nomine
410 1654 498 1752 dixit:
522 1655 583 1718 iles
597 1654 750 1718 caelestes
769 1656 853 1716 niem
876 1655 1000 1716 novisse
1029 1669 1110 1734 quae
1133 1662 1203 1718 sunt
1226 1655 1264 1718 sd

121 1761 220 1842 pedes
241 1779 304 1823 non
329 1763 422 1825 novit.
467 1761 582 1825 Floruit
604 1766 706 1824 autern
730 1767 831 1824 aetate
853 1760 971 1826 Croesi.

207 1975 239 2038 2.
285 1975 337 2038 list
359 1983 459 2038 autern
483 1977 572 2038 etiarn
596 1975 654 2039 alia
678 1974 871 2056 philosophia
894 1993 956 2038 non
979 1976 1075 2060 longe
1093 1975 1208 2040 distans
1226 1977 1263 2040 ab

120 2085 232 2148 1191οω
255 2084 459 2166 temporibus,
483 2085 574 2148 cuius
593 2090 702 2146 auctor
725 2085 823 2146 extitit
846 2083 1049 2166 Pythagoras,
1080 2101 1170 2164 quem
1201 2085 1263 2148 Se·
1289 2102 1303 2150 u

121 2195 213 2254 mium
244 2189 365 2270 quidam
395 2189 513 2266 lerunt3
544 2209 634 2270 quam
657 2190 790 2253 italicam
821 2191 1069 2273 appellaverunt,
1098 2198 1263 2272 propterea

120 2297 207 2379 quod
230 2297 420 2382 Pythagoras
443 2315 511 2360 onrn
536 2297 658 2380 lugeret
681 2297 870 2379 Polycratem
900 2299 1069 2360 Samiorum
1103 2307 1262 2379 tuendum

121 2405 304 2468 habitaverit
326 2404 432 2467 urbem
445 2403 552 2467 ltaliae
572 2403 674 2485 ibique
697 2403 787 2467 vltnm
811 2403 994 2486 expleverit.
1028 2404 1132 2468 ¹Cuius
1146 2404 1265 2494 doctri,-

121 2529 191 2574 narn
217 2513 268 2592 qui
291 2517 484 2592 exceperunt
505 2509 568 2573 non
590 2511 713 2574 multum
738 2511 974 2591 discrepuerunt
997 2511 1034 2574 ab
1058 2511 1165 2574 endem
1189 2529 1266 2574 sen·

122 2618 227 2680 tentia.
272 2617 310 2680 ltt
331 2619 398 2699 ipse
420 2635 496 2682 vero
519 2635 571 2680 res
594 2618 736 2700 physicas
757 2619 884 2680 rimatus
906 2619 1026 2681 miscuit
1048 2619 1265 2682 astronomiam
1276 2625 1305 2676 to

121 2729 155 2786 et
176 2726 377 2808 geometriam
400 2733 431 2788 et
454 2726 598 2788 musicam
623 2731 654 2788 et
686 2724 914 2788 arithmeticam.
964 2725 1001 2786 Et
1030 2724 1076 2786 sic
1104 2709 1266 2787 monadem

122 2828 220 2892 edixit
241 2845 313 2892 esse
336 2829 442 2912 deum,
477 2829 594 2892 numeri
618 2836 718 2892 autem
741 2834 878 2892 naturam
902 2830 1027 2891 curioso
1058 2822 1130 2890 cum'
1157 2827 1266 2907 pudi-

121 2933 265 3016 dieisset,
288 2933 458 2996 concinere
480 2933 556 2996 dixit
578 2933 722 3026 mundum
757 2941 787 2996 et
809 2949 865 3014 per
895 2932 1084 2996 hermeniam
1113 2937 1266 3014 constare,

122 3049 154 3102 et
175 3047 294 3121 septem
318 3039 453 3104 siderum
477 3041 591 3121 primus
621 3045 735 3104 motum
765 3040 796 3102 in
827 3039 998 3122 rhythmum
1028 3047 1060 3102 et
1082 3045 1266 3104 concentum

121 3149 254 3230 redegit.
304 3147 479 3210 Admiratus
509 3155 610 3211 autem
633 3146 928 3233 administrationem
960 3148 1173 3211 universorum
1204 3151 1305 3211 vo-tt

121 3257 178 3320 luit
200 3256 351 3337 principio
375 3256 467 3318 silere
491 3254 674 3337 discipulus,
707 3273 775 3318 oum
799 3256 887 3335 quasi
920 3262 1038 3336 mystae
1074 3256 1210 3318 universi
1236 3243 1300 3317 in'

121 3362 268 3424 mundum
291 3362 465 3436 venissent;
494 3358 607 3422 deindo
630 3359 682 3422 ubi
704 3357 842 3425 satisilli
864 3359 1013 3422 visisunt
1036 3377 1166 3442 irruguus
1189 3375 1266 3439 pro-

122 3485 252 3550 gressus
276 3467 306 3527 in
330 3467 487 3547 disciplina
511 3483 566 3528 sua
591 3465 703 3528 iecisse
718 3472 756 3528 ,et
780 3465 878 3546 perito
901 3465 941 3527 de
962 3463 1117 3528 sideribus
1151 3470 1182 3528 et
1206 3483 1267 3528 na-

122 3581 188 3637 tura
213 3589 308 3655 posse
331 3572 496 3656 disputare,
520 3590 615 3655 puros
639 3571 801 3635 arbitratus
823 3579 886 3635 tum
909 3571 1028 3635 demum
1052 3572 1136 3635 iubet
1159 3589 1266 3635 vocem

123 3684 254 3744 mittere.
299 3679 354 3743 llio
392 3679 560 3760 discipulus
598 3679 817 3743 discriminavit
848 3697 916 3742 cum
940 3677 1054 3743 alteros
1084 3679 1307 3762 esoterious,l⁰

123 3791 301 3852 exotericos
336 3786 450 3850 alteros
482 3789 613 3851 vocavit.
672 3785 786 3850 Alteris
823 3794 925 3851 autem
966 3785 1073 3850 altiora
1102 3793 1266 3869 praecepta

122 3893 345 3977 concredcbat,
368 3892 472 3958 alteris
489 3901 591 3958 autem
607 3893 759 3957 tenuiora.
804 3893 912 3978 Attigit
928 3900 1027 3958 autem
1052 3894 1142 3958 etiam
1166 3895 1267 3978 magi·

122 4101 268 4174 llceperus
370 4103 396 4156 ³.
417 4103 518 4156 aldiran
543 4101 687 4174 macaria
706 4102 770 4157 coll.
791 4099 860 4156 Plnt.
880 4101 994 4156 Thesei
1016 4120 1044 4174 p.
1065 4103 1116 4157 tm
1133 4100 1171 4156 h:
1200 4103 1267 4156 idaia

123 4195 204 4265 vulgo
287 4195 314 4249 8.
334 4197 468 4266 humari
487 4192 631 4266 hesperus
722 4197 763 4249 to.
782 4187 1008 4266 matutinali
1096 4195 1194 4248 1112.
1221 4194 1268 4248 ani

121 4285 299 4359 ducenannis
329 4285 381 4340 ndd
407 4284 566 4357 Bosporus,
593 4305 674 4360 quem
700 4287 751 4342 clr.
771 4305 798 4359 p.
818 4289 871 4342 neu
891 4305 931 4360 sq.
1075 4287 1117 4340 ll.
1137 4286 1267 4356 ἁρμονίᾳ]

121 4379 182 4432 aaa·
205 4377 345 4449 samaras
363 4375 506 4451 sospena
525 4397 551 4450 p.
573 4380 624 4434 aar
766 4377 922 4452 emanat
1072 4377 1115 4432 ts.
1135 4362 1270 4448 osdayn

125 4467 269 4543 flocperus
