3052 4984
233 265 296 332 416
341 265 554 354 (meam.)
703 272 798 332 τιοιιιι
821 273 888 348 vm,
907 277 936 331 ε.
959 277 987 331 ο.

233 455 325 518 σχεν·
348 436 366 502 ὅ
388 440 449 522 μὲν
468 437 530 522 γάρ
552 435 676 519 ἔγγιστα
697 443 742 527 τῷ
763 438 878 526 πρῶτῳ
909 440 989 526 θεῷ’,
1011 441 1054 526 τῷ
1081 436 1180 502 οἷονεί
1209 440 1378 525 σπέρματι,

195 547 356 621 δοθέσεως
376 553 480 628 τυχῶν
500 549 563 609 τῶν
585 545 695 610 ἄλλων
719 549 934 632 γονιμωτέραν
960 545 1031 626 ἔσχε
1060 545 1200 630 δύναμιν
1203 594 1215 623 ,
1248 544 1380 622 δεκάκις

234 650 331 726 αιίτὸς
352 647 450 715 αὐτὸν
468 652 599 734 μεγέθει
620 649 776 736 μετρήσας
798 649 815 715 ὁ
838 652 1027 736 ἀμέτρητος·
1050 647 1067 714 ὁ
1092 649 1127 714 ἀὲ
1149 654 1186 742 τῇ
1208 653 1300 714 θέσει
1319 655 1379 715 τοῦ

233 756 361 846 πρῶτον
382 755 551 840 γενόμενος
572 757 718 844 δεύτερος
721 806 733 835 ,
763 756 871 836 ἑξάκις
893 756 993 822 αὑτὸν
1014 757 1189 841 κατέλαβεν
1210 757 1228 822 ὁ
1252 755 1377 822 ἀκατά-

232 866 363 953 ληπτος·
394 863 411 929 ιί
436 864 472 929 ἀὲ
495 865 553 951 ἤδη
574 867 674 951 τρίτος
695 869 732 958 τῇ
754 868 864 945 θέσει,
893 866 939 941 εἰς
965 865 1103 951 ἄπειρον
1133 864 1291 951 διάστημα
1320 864 1379 929 διά
1504 877 1505 888 ’

232 974 288 1059 τὴν
310 973 443 1058 αὔξησιν
463 976 527 1037 τῶν
548 970 702 1057 ἀδελφῶν
715 971 900 1057 γενόμενος,
924 977 988 1058 τρίς
1002 974 1120 1059 νοήσας
1133 971 1258 1051 ἑαυτόν,
1280 970 1379 1037 οἷονεί

194 1078 351 1166 ὃὸἀεσμάν
371 1080 442 1144 τινά
463 1083 517 1166 τῆς
538 1079 680 1166 ἑνότητυς
700 1079 799 1144 αὑτὸν
820 1080 931 1168 ἔδησεν
953 1081 1096 1146 αἰώνιον.

321 1189 351 1252 9.
397 1191 461 1251 Καὶ
488 1191 579 1252 τοῦτο
611 1188 694 1252 εἰναι
726 1188 879 1254 δοκοῦσιν
912 1185 999 1254 οὗτοι
1029 1191 1065 1266 τιί
1094 1187 1281 1273 ἰείεγμένον
1311 1184 1376 1253 ἀπὸ

233 1297 289 1358 τοῦ
311 1297 463 1380 σωτῆρος·
481 1293 672 1381 Ἐξῆλθεν
694 1294 712 1360 ὁ
734 1299 912 1382 σπείρων
933 1299 998 1362 τοῦ
1020 1307 1204 1382 σπείραι,
1228 1299 1293 1361 καί
1308 1295 1375 1384 [τί]

233 1402 365 1467 πεσὸν
393 1402 451 1478 εἰς
477 1403 542 1488 την
570 1407 640 1488 γῆν
669 1405 739 1489 τὴν
768 1404 891 1490 καίἦν
920 1408 986 1468 καί
1015 1403 1177 1492 ἀγαθῆν
1203 1402 1375 1468 έποίειδ

231 1512 302 1592 μὲν
323 1507 473 1589 ἑκατὸν,
495 1511 515 1574 δ
538 1509 581 1574 ἀὲ
603 1509 810 1597 ἑξήκοντα,
833 1511 852 1575 ὃ
876 1510 918 1575 ἀὲ
941 1513 1170 1597 τριάκοντα.
1227 1515 1290 1575 Καὶ
1319 1507 1374 1574 διά

195 1619 321 1686 τοτοῦτο
340 1619 346 1704 Ι
364 1619 476 1703 εἴρηκε,
500 1621 613 1703 φησίν·
631 1619 669 1681 ‘0
691 1620 789 1699 ἔχων
816 1617 894 1683 ὦτα
916 1617 1081 1683 ἀκούειν
1103 1617 1299 1696 ἀκουέτω,
1328 1615 1376 1681 ὅτι

231 1727 330 1788 ταῦτα
357 1723 415 1789 οιίκ
441 1725 504 1789 ἔστι
532 1725 663 1789 πάντων
694 1725 890 1810 ἀκούσματα.
946 1723 1041 1792 Οὗτοι
1071 1725 1188 1802 πάντες
1210 1724 1241 1791 οἳ
1263 1727 1378 1803 αἰῶνες

232 1836 264 1896 οἰ
283 1854 315 1895 τε
335 1842 416 1917 τρεῖς
437 1835 491 1894 καί
513 1828 544 1896 οἰ
566 1830 622 1896 ἀπ’
654 1830 761 1898 αἰτῶν
792 1833 962 1920 ἀπειράκις
993 1836 1121 1921 ἄπειροι
1152 1834 1269 1909 πάντες
1297 1833 1377 1898 εἰσίν

232 1939 347 2015 αἰῶνες
369 1939 616 2025 ἀρσενοθηίυες.
660 1939 865 2027 Αάξηθέντες
886 1939 945 2007 οὖν
973 1945 1027 2006 καί
1047 1941 1302 2026 μεγαλυνθένιες
1322 1945 1377 2004 καί

232 2045 397 2130 γενόμενοι
419 2042 505 2110 οὗτοι
526 2047 642 2122 πάντες
670 2047 706 2124 ἰξ
726 2047 798 2123 ἑνὸς
819 2049 940 2113 ἐκείνου
961 2053 1017 2114 τοῦ
1039 2048 1165 2137 πρῶτον
1188 2050 1375 2133 σπέρματος,

193 2157 285 2241 τιτῆς
313 2158 501 2241 συμφωνίας
521 2153 628 2218 αὐτῶν
648 2160 702 2218 καί
718 2157 771 2241 τῆς
788 2153 931 2243 ένάτητος
948 2153 983 2222 οἰ
998 2156 1132 2234 πάντες,
1154 2156 1200 2232 εἰς
1218 2160 1276 2220 ίνα
1293 2153 1376 2239 ὁμοῦ

230 2263 394 2346 γενόμενοι
416 2264 524 2327 αἰῶνα
544 2261 600 2327 τὸν
619 2273 715 2347 μέσον
737 2261 859 2344 αἰτῶν,
894 2267 1036 2348 γέννημα
1065 2265 1174 2329 κοινὸν
1201 2261 1232 2328 οἰ
1261 2263 1377 2337 πάντες

231 2370 403 2458 έγέννησαν
425 2370 460 2436 έκ
482 2373 654 2457 παρθένου
675 2373 768 2455 μιάς,
798 2372 855 2436 τίν
876 2371 913 2436 ἐν
932 2371 1072 2457 μεσότητι
1094 2373 1230 2456 Μαρίας
1251 2372 1376 2454 σωτῆρα

231 2480 376 2555 πάντων,
399 2476 598 2562 ίσοάιίναμον
619 2477 699 2542 κατά
721 2478 829 2543 πάντα
850 2483 894 2567 τῷ
914 2482 1069 2566 σπέρματι
1083 2483 1127 2568 τῷ
1144 2482 1270 2566 συκίνην,
1292 2477 1377 2563 πλην

230 2585 277 2652 ὅτι
298 2585 444 2673 γεννητὸς
465 2581 569 2663 οὗτος,
591 2584 625 2650 τὸ
647 2585 684 2650 δί
706 2589 833 2671 πρῶτον
855 2588 982 2672 σπέρμα
1003 2587 1122 2664 έκείνο,
1146 2584 1229 2650 ὅθεν
1249 2585 1377 2666 γέγονεν

192 2691 249 2780 8ηῆ
270 2697 361 2780 συκῆ,
383 2693 465 2758 ἐστίν
488 2692 668 2779 ἀγέννητον.
714 2697 964 2779 Κεκοσμημένων
984 2689 1043 2758 οὖν
1057 2697 1120 2758 τῶν
1137 2696 1233 2778 τριῶν
1247 2691 1378 2757 αἰῶνων

230 2801 359 2866 έκείνων
381 2803 569 2888 παναρέτως
581 2805 636 2865 καί
653 2804 835 2881 παναγίως,
859 2799 902 2877 ῶς
923 2800 1073 2866 δοκοῦσιν
1094 2797 1181 2866 οὗτοι
1204 2798 1376 2865 διδάσκον-

229 2933 295 2987 τες,
318 2913 372 2974 καί
393 2911 449 2973 τοῦ
471 2908 589 2983 παιδὸς
609 2907 730 2972 ἐκείνου
758 2911 815 2973 τοῦ
835 2913 1046 2992 μονογενοῦς,
1081 2911 1205 2992 (γέγονε
1232 2911 1294 2995 γάρ
1315 2891 1401 2991 μόζ

229 3039 285 3092 νος
306 3026 370 3090 τοίς
392 3017 539 3101 ἀπείροις
560 3016 676 3080 αἰῶσιν
696 3015 732 3078 έκ
754 3020 930 3102 τριγενοῦς·
964 3026 1045 3102 τρεῖς
1076 3017 1137 3101 γάρ
1168 3013 1267 3080 αὐτὸν
1287 3015 1378 3096 ἐγέν-

230 3141 331 3209 νησαν
351 3122 605 3209 ὁμοφρονοῦντες
626 3123 742 3198 αἰῶνες
763 3121 961 3209 ἀμέτρητον)
995 3121 1165 3209 κεκόσμητο
1194 3125 1255 3206 μὲν
1281 3120 1378 3186 α’νεν-

191 3231 303 3317 ςεδεὴς
323 3235 415 3296 πᾶσα
432 3230 451 3317 ἡ
469 3231 561 3316 νοητὴ
584 3231 696 3315 φάσις,
720 3234 791 3315 φῶς
815 3229 850 3293 ἀὲ
873 3227 913 3315 ἦν
937 3230 1067 3293 ἅπαντα
1089 3229 1197 3293 έκείνα
1219 3230 1257 3294 τά
1279 3228 1376 3314 νοητὰ

229 3344 286 3403 καί
309 3339 441 3416 αἰώνια,
465 3342 536 3423 φῶς
558 3337 595 3400 δὲ
616 3335 675 3401 οιίκ
696 3337 847 3424 ἄμορφον
866 3335 942 3402 οἰάὲ
955 3336 1066 3423 ἀργόν,
1090 3335 1166 3402 οὐδὲ
1182 3335 1281 3402 οἰονεί
1294 3358 1378 3412 τινος

229 3447 452 3520 έπιποιοῦντος
474 3443 642 3529 δεόμενον,
671 3441 757 3508 ἀλλά
788 3444 862 3524 ἔχον
891 3443 926 3508 ἰν
953 3441 1055 3532 ἑαυτῷ
1082 3445 1162 3508 κατά
1193 3446 1227 3508 τί
1249 3442 1378 3529 πλῆθος

231 3559 294 3619 τῶν
315 3551 486 3639 ἀπειράκις
507 3550 651 3636 ἀπείρων
672 3551 753 3614 κατά
785 3553 818 3615 τὸ
844 3549 1052 3636 παράδειγμα
1078 3555 1131 3637 τῆς
1158 3554 1254 3637 συκῆς
1283 3549 1377 3615 ἀπεί-

231 3683 305 3746 ρους
327 3659 418 3735 ίάέας
440 3656 528 3745 ζῴων
549 3662 612 3722 τῶν
633 3657 700 3722 έκεί
719 3656 976 3735 πολυποικίλων,
1009 3657 1217 3745 κατέλαμψεν
1244 3657 1377 3721 ἀνωθεν

192 3768 276 3844 ηηείς
297 3767 331 3831 τὸ
353 3767 563 3850 ὑποκείμενον
583 3765 671 3846 χάος.
730 3767 776 3828 To
804 3763 840 3827 δὲ
870 3765 1139 3849 φωτισθὲνὸμοῦ
1160 3769 1215 3829 καὶ
1235 3787 1372 3851 μορφω-

304 3878 348 3930 60.
375 3877 473 3936 θέσεως
489 3869 585 3948 τυχῶν]
604 3875 703 3934 θέσεως
709 3913 717 3937 ,
734 3871 816 3944 τυχὸν
834 3869 856 3926 C
875 3871 904 3928 M
1039 3875 1083 3928 62.
1109 3873 1199 3942 αὑτὸν]
1218 3871 1297 3925 αάτόν
1317 3867 1377 3926 CM

232 3969 276 4023 65.
301 3966 390 4037 αὑτὸν]
416 3965 497 4019 αὐτὸν
524 3962 593 4020 CM
665 3985 668 3992 ·
739 3963 860 4034 αἰάνιον]
888 3963 1014 4018 αἰάνωνί
1174 3964 1307 4020 67-69.
1334 3960 1377 4018 Cf.

231 4059 329 4116 matth.
351 4061 392 4124 13,
411 4059 437 4114 3.
455 4057 482 4113 8.
507 4054 595 4112 Marc.
619 4057 644 4122 4,
672 4057 698 4112 3.
723 4055 750 4111 8.
774 4053 840 4109 Luc.
864 4055 891 4120 8,
910 4059 936 4111 5.
955 4056 982 4110 8.
1128 4057 1172 4111 67.
1193 4057 1237 4111 68.
1265 4055 1293 4110 τό
1312 4064 1375 4110 ante

231 4153 313 4209 πεσὸν
332 4169 376 4207 om
396 4148 418 4206 (2
436 4149 479 4214 Μ,
498 4149 546 4223 qui
571 4149 599 4202 τὸ
622 4151 727 4222 σπέρμα
753 4147 887 4203 excidisse
912 4146 1048 4203 existimat
1208 4151 1253 4204 70.
1280 4145 1376 4204 Matth.

236 4248 278 4311 13,
297 4247 323 4300 9.
345 4243 432 4300 Marc.
451 4245 477 4308 4,
498 4245 524 4297 9.
542 4240 608 4295 Luc.
626 4239 652 4306 8,
670 4241 698 4296 8.
862 4240 907 4293 71.
926 4237 1044 4316 πάντων]
1063 4239 1167 4304 πάντως
1186 4239 1208 4296 C
1330 4240 1374 4294 74.

233 4337 387 4411 γενόμενοι]
406 4333 450 4390 An
467 4337 558 4389 τέίειοι
572 4331 734 4406 γενόμενοιί
769 4329 812 4386 cf.
832 4347 913 4404 supra
934 4349 961 4402 p.
980 4332 1043 4396 263,
1062 4332 1106 4386 55.
1258 4331 1374 4386 74-77.

233 4427 275 4483 Cf.
296 4445 378 4499 supra
397 4445 424 4499 p.
439 4427 502 4492 278,
516 4429 550 4482 66
566 4442 625 4498 sqq.
742 4424 786 4479 76.
807 4424 851 4477 77.
874 4425 1154 4497 γένημα-ἰγένησαν
1173 4422 1195 4479 C
1273 4423 1318 4478 77.
1334 4423 1378 4479 78.
