3050 4988
185 231 249 296 324
295 230 516 316 (μειεοιτ.)
646 236 741 297 ωεστ
764 240 809 314 τι,
831 243 882 298 τυ.

158 401 335 485 ίδνύματα,
358 399 436 482 άγια
459 398 560 481 άγίων
577 402 737 487 νοούμενα
756 407 810 468 καί
832 403 876 489 μη
899 403 1064 487 δυνάμενα
1086 401 1260 488 λεχθῆναι,
1282 424 1339 481 γτ-

180 508 365 574 νιιίοκεσθαι
391 506 457 574 ύπύ
485 508 588 593 μόνον
616 513 673 576 τοῦ
702 508 810 574 υίοῦ·
844 514 943 574 ταῦτα
969 509 986 576 ὅ
1009 512 1135 596 πατὴρ
1165 507 1232 574 οίδε
1261 511 1337 572 τίνα

179 616 253 680 έστί.
305 617 356 680 Τά
386 615 465 700 μετά
498 620 620 703 σιωπῆς
649 619 704 681 καί
736 615 814 701 μετά
843 620 975 692 πίστεως
1006 615 1230 700 ὀνομαζόμενα
1255 633 1338 700 παρ’

180 722 267 810 αύιηί
289 723 352 788 έσιτ
374 727 492 788 ταῦτα·
515 725 685 811 άρρητος
706 729 761 788 καί
783 725 886 810 σιγή,
910 726 1038 811 πατηρ
1062 727 1115 788 καί
1137 722 1335 809 ἀλήθεια.

159 830 309 917 ῠΤαύτης
331 830 367 895 δὲ
395 835 449 917 τῆς
469 829 619 918 τετράδος
641 829 657 896 ὃ
680 831 809 914 σύμπας
837 829 981 918 άριθμδς
1013 833 1076 896 sem
1105 833 1264 912 στοιχείων
1283 829 1336 893 ελ-

179 937 418 1026 κοσιτεσσάρων.
467 937 504 1002 Ὁ
535 939 598 1025 γάρ
627 939 800 1024 ἄρρητος
829 939 891 1020 ἔχει
920 949 1057 1020 στοιχεῖα
1077 937 1176 1014 ἑπτά,
1199 935 1218 1023 ἦ
1242 931 1334 1021 σιγῆ

180 1045 320 1132 (σειγῆ)
351 1049 457 1123 πέντε,
481 1050 536 1108 καὶ
564 1042 727 1131 ὁπατηρ
756 1048 864 1122 πέντε,
899 1050 954 1109 καί
979 1044 999 1132 η
1029 1044 1211 1131 ἀλήθεια
1241 1043 1335 1108 ἑπτά.

173 1153 342 1229 ιΩσαύτως
364 1153 399 1217 δὲ
421 1156 476 1216 καί
496 1151 516 1238 ι]
537 1151 668 1238 δευτέρα
688 1153 812 1236 τετράς,
835 1152 959 1233 λόγος
982 1159 1036 1218 καί
1058 1152 1140 1237 ζωή,
1174 1153 1335 1238 ἄνθρω-

179 1282 255 1336 πος
276 1265 331 1324 καί
352 1258 550 1346 ἐκκλησία
571 1261 626 1324 τὸν
647 1257 745 1324 αύτδν
766 1259 996 1347 ἀριθμὸντῶν
1018 1264 1177 1343 στοιχείων
1204 1258 1334 1324 άνέδει-

144 1381 173 1432 10
182 1371 253 1446 ξαν.
297 1372 361 1431 Καὶ
381 1368 416 1430 τδ
438 1369 494 1430 τού
515 1349 653 1452 σωτῆρος
675 1364 770 1452 ῥητὸν
792 1367 897 1451 ὄνομα
920 1369 1067 1455 [τουτέστι
1085 1367 1141 1432 τὸν
1164 1365 1331 1453 Ἰησοῦν]

182 1476 379 1563 γραμμάτων
407 1471 565 1558 ύπάρχειν
592 1475 643 1551 εξ,
679 1474 714 1538 τύ
750 1472 786 1538 δ’
816 1475 953 1561 ἄρρητον
983 1473 1083 1539 αδτοῦ
1113 1471 1164 1538 έπ’
1196 1471 1334 1561 ἀριθμῷ

181 1586 245 1647 τῶν
266 1585 347 1646 κατά
368 1587 404 1646 έν
424 1580 619 1665 γραμμάτων
649 1583 808 1662 στοιχείων
836 1581 920 1646 ἐστίν
944 1580 1218 1666 εἰκοσιτεσσάρων,
1246 1579 1334 1656 υίδς

184 1689 221 1754 δέ
243 1689 408 1775 Χριστδς
430 1687 655 1774 (Χρειστδς)
677 1686 820 1766 δτύδεκα,
843 1689 877 1752 τδ
901 1688 936 1753 δὲ
959 1689 995 1753 έν
1016 1692 1059 1776 τῷ
1081 1692 1208 1774 Χριστῷ
1230 1688 1333 1773 ἄρρη-

181 1819 237 1862 τον
269 1797 465 1884 γραμμάτων
496 1793 667 1881 τριάκοντα
694 1799 749 1858 καί
778 1793 856 1859 αδτδ
885 1806 950 1872 τοϊς
982 1796 1019 1860 έν
1051 1794 1139 1882 αδτηί
1165 1795 1332 1881 γράμμασι

147 1904 264 1968 finani
294 1909 330 1969 έν
362 1907 424 1968 τῶν
461 1904 620 1983 στοιχείων
655 1899 917 1986 ἀριθμουμένων.
979 1903 1025 1968 Ta
1064 1903 1126 1988 γάρ
1159 1901 1335 1987 Χριστος

184 2019 407 2107 (Χρειστδς)
430 2018 493 2082 ἔστι
514 2019 673 2099 στοιχείων
694 2015 784 2082 δκττύ.
834 2018 880 2082 Τδ
902 2021 962 2102 μὲν
980 2017 985 2106 Ι
1004 2019 1066 2102 γάρ
1092 2027 1142 2099 χεῖ
1161 2020 1274 2105 τριῶν,
1296 2013 1332 2078 τύ

181 2283 298 2371 τράδος
319 2281 478 2367 ύνύματα,
502 2281 579 2362 άγια
601 2279 703 2362 άγίων
724 2280 886 2366 νοούμενα
908 2286 962 2346 καί
973 2283 1017 2367 μη
1034 2279 1199 2365 δυνάμενα
1213 2281 1335 2368 λεχθῆ-

182 2416 252 2470 ναι,
272 2393 487 2474 γινώσκεσθαι
509 2387 573 2454 ύπδ
595 2390 696 2474 μόνον
718 2394 773 2454 τοῦ
796 2387 937 2466 υίοῦ,ά
966 2388 983 2453 δ
1012 2388 1136 2475 πατὴρ
1166 2388 1234 2454 οἶδε
1262 2393 1335 2453 τίνα

183 2501 257 2566 έστί.
305 2500 356 2564 Τά
380 2497 416 2564 δὲ
439 2498 539 2582 σεμνά
561 2501 615 2560 καί
635 2497 714 2580 μετά
746 2500 878 2571 πίστεως
906 2494 1127 2580 ὀνομαζόμενα
1148 2493 1225 2582 παρ’
1246 2495 1335 2585 αύτῷ

184 2609 247 2674 έστι
276 2611 389 2673 ταῦτα·
420 2606 586 2692 άρρητος
619 2609 673 2668 καί
704 2602 803 2689 σιγή,
837 2603 963 2690 πατήρ
996 2625 1028 2666 τε
1061 2607 1115 2666 καί
1148 2601 1333 2688 α’λήθεια.

189 2717 314 2803 Ταύτης
335 2714 370 2778 δὲ
392 2717 445 2798 τῆς
465 2711 613 2798 τετράδος
631 2710 649 2775 δ
669 2713 796 2796 σύμπας
819 2709 962 2799 α’ριθμύς
983 2711 1046 2776 ἐστι
1069 2715 1227 2793 στοιχείων
1247 2712 1333 2774 εἰκο-

186 2824 387 2907 σιτεσσάρων.
424 2819 462 2884 Ὁ
484 2821 547 2904 γάρ
571 2819 741 2907 άρρητος
763 2819 867 2903 ὄνομα
888 2819 1061 2904 γράμματα
1089 2819 1152 2901 ἔχει
1173 2819 1209 2883 έν
1230 2817 1334 2907 ἑαυτῷ

185 2930 283 3008 ἑπτά,
306 2929 324 3016 η
348 2928 384 2992 δὲ
407 2927 489 3012 σιγὴ
516 2929 609 2992 πέντε
630 2931 685 2990 καί
706 2925 724 2990 δ
747 2926 895 3012 πατήρ,
925 2930 979 2989 καί
1000 2923 1019 3012 ἦ
1042 2924 1221 3011 άλήθεια
1242 2925 1333 3004 ἑπτά,

186 3039 209 3102 ά
233 3039 425 3103 συντεθέντα
445 3034 500 3099 ἐπὶ
521 3035 556 3098 τδ
579 3031 675 3111 αδτό,
698 3035 738 3098 τὰ
762 3033 810 3109 δὶς
831 3043 921 3099 πέντε
943 3039 996 3098 καὶ
1018 3032 1067 3110 δὶς
1087 3031 1167 3098 ἑπτά
1189 3036 1245 3098 τὸν
1270 3039 1335 3098 τῶν

184 3142 444 3230 εἰκοσιτεσσάρων
466 3139 613 3225 α’ριθμδν
634 3139 868 3227 ἀνεπλήρωσεν.
907 3138 1074 3216 Ὡσαύτως
1095 3141 1132 3205 δὲ
1154 3139 1241 3228 ναίηι
1259 3140 1333 3205 δευ-

182 3256 258 3338 τέρα
280 3255 403 3336 τέτρας,
428 3247 543 3330 λύγος
564 3253 617 3312 καὶ
639 3246 724 3333 ζωή,
748 3249 966 3332 ἄνθρωπος
987 3253 1041 3312 καὶ
1061 3247 1256 3336 έκκλησία,
1279 3247 1334 3313 τὸν

185 3358 282 3424 αύτδν
304 3357 450 3447 δριθμδν
463 3359 527 3420 τῶν
541 3358 701 3438 στοιχείων
716 3353 895 3434 ἀνέδειξαν.
919 3359 982 3420 Καὶ
1000 3355 1035 3419 τδ
1045 3358 1105 3439 μὲν
1124 3359 1180 3420 τοῦ
1197 3359 1334 3442 σωτῆρος

184 3465 278 3551 ρητδν
300 3466 406 3548 ὄνομα
430 3462 527 3546 (δκττδ
549 3468 605 3526 καί
619 3462 714 3549 δέκα)
733 3463 929 3549 γραμμάτων
943 3443 1101 3548 ὑπάρχειν
1117 3464 1166 3539 ἕξ,
1189 3463 1244 3526 τδν
1266 3465 1331 3550 (εἰσ)

60 3605 63 3616 ·
186 3571 221 3636 δ’
241 3573 378 3658 ἄρρητον
401 3570 499 3635 αὐτοῦ
518 3571 713 3656 γραμμάτων
744 3571 1021 3655 εἰκοσιτεσσάρων,
1056 3567 1139 3645 υίδς
1168 3561 1333 3655 Χριστὸς

184 3677 381 3762 γραμμάτων
403 3674 547 3752 δοίδεκα,
570 3675 604 3740 τύ
623 3675 659 3739 δὲ
677 3676 713 3742 ἐν
727 3681 855 3764 Χριστῷ
866 3677 1013 3762 ,ἄρρητον
1027 3675 1225 3760 γραμμάτων
1244 3675 1333 3760 τριά-

184 3807 290 3850 κοντα.
335 3788 400 3850 Καὶ
422 3784 478 3848 διὰ
499 3784 591 3848 τοῦτο’
613 3802 710 3870 φησιν
732 3783 830 3849 αδτδν
852 3789 877 3846 ἄ
900 3787 954 3847 καὶ
976 3787 1016 3860 οῖ,
1039 3789 1094 3847 ίνα
1116 3783 1171 3869 τὴν
1191 3799 1333 3871 περιστε-

184 3893 247 3981 ράν
268 3890 409 3980 μηνύση,
437 3895 547 3956 τοῦτον
568 3893 694 3974 ἔχοντος
714 3893 768 3956 τὸν
789 3891 936 3977 ἀριθμὸν
956 3892 1066 3956 τούτου
1088 3894 1144 3957 τοῦ
1165 3889 1290 3978 δρνέου.

255 4123 283 4175 2.
302 4119 365 4190 ύπὸ]
386 4118 414 4172 δὲ
433 4115 485 4171 ύπδ
503 4113 524 4170 C
544 4115 574 4171 M
689 4114 755 4192 οἶδε]
775 4115 845 4172 M
960 4121 986 4175 3.
1006 4119 1072 4192 μετὰ
1086 4120 1195 4190 σιωπῆς]
1209 4118 1253 4174 Αο
1270 4123 1334 4193 μετά

184 4214 336 4288 σεμνότητος
356 4211 420 4267 coll.
439 4207 536 4265 Item?
654 4210 695 4264 10.
720 4211 832 4264 τουτέστι
849 4209 893 4266 τὸν
907 4210 1015 4288 Ἰησοῦν]
1041 4209 1121 4266 Haec
1139 4211 1236 4278 verba,
1263 4230 1332 4285 quae

185 4305 234 4360 lin.
257 4307 290 4359 12
307 4303 502 4377 expunximus,
522 4299 576 4354 huc
595 4304 798 4373 transponenda
818 4321 880 4358 εεευ
898 4305 1034 4360 videntur.
1072 4300 1114 4357 Cf.
1134 4299 1207 4356 ίτεο.
1291 4304 1332 4358 11.

184 4395 300 4468 ὑπάρχει
317 4393 348 4450 Μ
461 4394 489 4450 ιδ
506 4395 537 4449 δ’
557 4392 680 4471 ἄρρητον]
701 4395 729 4449 τὸ
748 4395 777 4450 δὲ
796 4392 913 4470 ῥητύνῦ
1037 4396 1079 4450 12.
1107 4395 1136 4449 ἓν
1153 4391 1332 4471 γραμμάτιον]
