3056 4970
609 315 853 376 VALENTINIANI.
1236 313 1297 380 271

160 492 221 560 qus
251 485 370 558 partem
402 481 507 546 dividit
536 483 567 545 in
595 484 708 548 minuta
734 487 895 569 sexaginta
927 488 958 546 et
980 482 1163 548 minutorum
1187 487 1299 548 minuta

161 591 192 646 et
213 584 263 649 vel
285 587 416 652 minima.
473 589 511 653 ttt
539 587 600 654 lucc
629 603 752 672 semper
776 591 894 655 faciens
924 608 982 654 nec
1010 590 1213 656 Intermittens
1238 609 1300 654 un-

161 709 263 775 quam,
285 692 340 756 sed
364 711 552 758 coacervans
577 715 616 759 ex
638 695 742 760 divisis
765 693 812 759 hta
835 695 971 776 partibus
994 704 1026 759 et
1048 697 1215 762 conficiens
1240 703 1322 762 en-l

160 810 232 862 num
265 805 297 860 et
317 815 424 864 rursus
446 800 608 866 resolvens
633 809 665 866 et
687 801 827 866 dividens
851 804 1052 884 compositum
1075 822 1217 889 magnum
1240 823 1300 868 an-

161 922 232 967 num
255 904 350 969 allicit
372 905 486 970 mundi.

247 1009 297 1077 29.
344 1012 425 1076 Talis
447 1010 607 1096 quaedem,
630 1013 656 1077 ai
679 1013 802 1095 quidem
825 1014 921 1078 semel
943 1032 982 1079 eo
1005 1013 1119 1097 delapsi
1142 1033 1194 1078 res
1213 1031 1301 1079 sum-

160 1135 227 1182 mas
258 1121 427 1204 atIIgimus,
465 1115 660 1202 Pythagorae
687 1125 719 1180 ot
746 1121 878 1186 Platonis
913 1127 1034 1186 constat
1067 1124 1162 1206 ratio,
1192 1141 1209 1186 a
1239 1137 1323 1203 quat

160 1223 361 1308 Valentinus,
391 1241 454 1289 nou
483 1241 523 1288 ex
553 1222 721 1308 evangeIIIs
747 1227 891 1292 haeresia
915 1245 1000 1293 suem
1024 1229 1232 1310 concionans,
1267 1235 1301 1289 ut

163 1329 450 1413 demonstrabimus,
471 1329 539 1394 lure
562 1349 619 1396 suo
642 1331 854 1417 Pythagoreus
874 1341 905 1398 et
926 1334 1112 1416 PletonIcns,
1134 1351 1197 1397 non
1210 1330 1300 1396 ctat-

160 1436 278 1500 atianus
311 1435 539 1502 existimabitur.
593 1438 770 1505 Valentinus
798 1440 891 1521 igilur
915 1446 946 1502 et
967 1438 1119 1504 lleracleo
1143 1444 1174 1499 et
1194 1435 1301 1499 Ptole-

122 1543 129 1558 '
162 1560 267 1606 maana
289 1549 320 1605 et
346 1545 490 1607 universa
512 1541 621 1607 luorum
650 1544 774 1629 schole,
808 1545 1000 1628 Pythagoraa
1028 1551 1059 1607 et
1079 1543 1213 1606 Platonis
1234 1541 1300 1604 dis-

160 1649 271 1734 cipuli,
303 1652 400 1714 secuti
432 1648 526 1714 duces
557 1667 630 1715 suos
658 1649 877 1714 arithmeticam
900 1669 956 1733 pro
979 1647 1178 1714 fundamento
1204 1646 1339 1710 diseiatl

161 1753 262 1836 plinaa
287 1771 363 1818 suae
393 1761 571 1838 posuerunt.
628 1755 747 1820 Etenim
777 1758 886 1823 horum
918 1763 965 1821 est
992 1755 1174 1837 principium
1196 1771 1299 1818 rerum

159 1861 372 1924 universarum
394 1877 502 1924 mones
525 1871 775 1945 non-generata,
806 1881 869 1928 non
891 1861 1097 1941 intercidens,
1125 1877 1188 1925 non
1211 1877 1301 1923 com-

158 1968 322 2049 prehensa,
345 1966 532 2048 rogitatione
555 1984 620 2031 non
637 1968 843 2052 percipienda,
865 1967 999 2052 genitrix
1011 1970 1207 2049 omniumque
1221 1985 1301 2048 quae

159 2079 265 2137 extant
286 2089 378 2136 causa
402 2073 594 2138 existentiae.
648 2075 784 2140 Vocatur
811 2083 913 2140 autem
935 2073 972 2137 ab
995 2076 1032 2138 iis
1055 2092 1145 2156 quam
1169 2072 1300 2136 diximus

158 2195 266 2242 monas
288 2177 388 2242 I’ater.
441 2179 610 2246 Diveraitas
640 2188 743 2246 autem
773 2183 925 2265 quaedam
949 2181 1024 2246 satis
1048 2197 1158 2262 magne
1181 2186 1337 2261 reppe-tt

158 2285 235 2348 ritur
263 2283 345 2366 apud
376 2301 442 2348 ecs.
485 2283 547 2350 Alii
577 2286 658 2350 enim
681 2305 805 2373 eorum,
838 2296 872 2351 ut
893 2289 932 2351 sit
954 2305 1082 2369 prorsus
1103 2305 1211 2368 purum
1234 2286 1300 2350 Va-

157 2391 263 2454 lentini
293 2391 405 2474 dogma
434 2391 678 2477 Pythagoreum,
713 2393 910 2458 ioIeminaum
934 2399 964 2454 et
986 2393 1123 2474 iniugum
1147 2399 1178 2454 et
1200 2389 1298 2455 solum

159 2498 277 2563 Patrem
300 2503 435 2562 statuunt
457 2515 538 2583 essa,
559 2499 609 2564 alii
631 2507 731 2564 eutem
755 2499 891 2564 arbitrati
912 2499 980 2562 fieri
1004 2513 1066 2560 non
1088 2514 1193 2580 possa,
1215 2502 1248 2559 ut
1261 2515 1300 2560 arr

158 2603 226 2668 solo
249 2601 384 2666 masculo
407 2602 539 2683 quodam
563 2605 726 2687 generatio
753 2605 879 2666 omnino
907 2608 1125 2685 generatorum
1156 2601 1299 2682 extiterit,

158 2717 190 2773 et
211 2709 291 2772 Patri
312 2709 548 2793 universorum,
567 2727 628 2792 quo
654 2710 768 2774 existat
789 2716 892 2792 pater,
919 2707 1014 2789 Sigen
1037 2707 1218 2770 necessario
1242 2704 1337 2770 ed-ao

159 2821 322 2880 numerant
353 2817 526 2898 coniugem.
582 2814 645 2880 Sed
675 2815 715 2879 de
744 2814 817 2897 SIge
846 2823 945 2879 atrurn
979 2813 1102 2877 tandem
1125 2813 1240 2876 coniux
1262 2813 1302 2876 sit

158 2924 277 3005 n'ecna,
310 2921 367 3002 ipsi
394 2921 476 2985 inter
502 2938 537 2984 se
559 2919 618 2986 ltoc
640 2921 776 2986 natanto
799 2927 964 2986 certamen.
1018 2918 1107 2982 Nunc
1136 2935 1213 2982 vero
1243 2919 1302 2999 ipsi

158 3045 218 3092 nos
248 3027 459 3092 custodientes
486 3025 710 3110 Pythagoreum
739 3028 938 3112 principium,
965 3025 1048 3109 quod
1076 3043 1170 3090 unum
1200 3032 1302 3088 estet
1395 3115 1396 3120 ἵ

159 3134 307 3216 iningum,
328 3132 543 3216 inlemineum,
565 3136 747 3218 inegenum,
770 3142 1048 3199 commemorantes
1069 3140 1104 3198 ut
1123 3133 1165 3196 illi
1188 3132 1302 3197 docent

160 3236 368 3302 ostendemus.
400 3221 485 3303 ”Erat
508 3241 653 3325 omnino,
675 3241 788 3326 inquit,
811 3245 994 3325 generatum
1012 3240 1103 3325 nihil,
1126 3240 1217 3304 Pater
1240 3256 1338 3305 au·at

159 3349 221 3404 tem
246 3349 312 3406 erat
334 3343 418 3408 solus
440 3349 655 3429 ingeneratus,
686 3365 748 3412 non
780 3346 880 3412 locum
912 3347 1045 3430 liabens,
1077 3361 1140 3408 non
1172 3352 1300 3426 ternpus,

161 3466 224 3514 non
247 3449 491 3537 consiliatorem,
521 3469 583 3516 non
615 3453 704 3516 aliem
733 3451 824 3516 ullam
850 3471 929 3535 quea
958 3453 1056 3534 alioue
1079 3453 1200 3516 ratione
1223 3469 1300 3532 per-

157 3556 436 3638 cipicogitatlcue
466 3565 571 3639 posset
601 3557 775 3622 essentiam.
826 3557 887 3623 Sed
917 3564 984 3620 erat
1012 3557 1114 3640 solus,
1146 3555 1299 3622 solitarius

158 3766 235 3820 ἄλλοι
252 3765 281 3820 dt
299 3765 483 3840 dooaaddalca
501 3765 581 3822 adadu
599 3767 723 3838 λέγουσιν
739 3766 825 3828 aleca,
843 3762 1044 3836 ἑρμαφροδέωυ
1069 3760 1152 3834 φύσιν
1169 3761 1239 3836 αὐτῷ
1255 3781 1302 3819 ue·

158 3857 316 3932 ρκὶπῐυνπς.
360 3858 468 3932 teylav
491 3859 524 3914 dd
544 3858 626 3914 πάλιν
648 3857 725 3912 dtto
750 3857 897 3911 ouvacvlmr
920 3854 990 3927 αὐτῷ
1011 3855 1207 3928 προσάπτουσιν
1212 3896 1222 3920 ,
1255 3857 1302 3909 ἵνα

157 3951 260 4022 ydram
284 3949 373 4020 πρώτη
397 3952 515 4022 omia.
630 3950 675 4005 38.
700 3949 802 4016 ἄθηλυν
820 3945 979 4020 lloeperua:
999 3949 1083 4014 ddnlc
1102 3945 1124 4001 C
1143 3945 1173 4002 Μ
1255 3949 1300 4002 43.

158 4041 227 4115 πρὸς
244 4041 343 4112 adroic]
368 4041 437 4115 πρὸς
453 4042 561 4104 laurada
579 4039 623 4096 ll:
642 4057 677 4096 an
696 4041 756 4114 παρ’
777 4039 884 4102 adroic?
996 4041 1041 4110 44.
1061 4039 1146 4110 αὐτοὶ]
1172 4035 1301 4100 adcolas.

158 4134 205 4189 ⁴5.
224 4125 318 4208 οὖσαν]
344 4133 439 4188 adcisa
465 4131 530 4189 cll
662 4133 748 4200 ddnda
766 4129 787 4188 G
806 4131 836 4188 Μ
968 4133 1012 4188 46.
1038 4133 1082 4187 lt.
1108 4131 1229 4204 ἐροῦμεν.
1249 4125 1300 4184 Ἠν

158 4223 238 4294 ὅλως]
274 4226 388 4298 deodata
418 4245 443 4281 ra
466 4223 534 4288 ὅλως
566 4220 602 4280 Ga
629 4224 751 4297 ἐροῦμεν.
794 4220 878 4286 “Olus
901 4220 931 4278 Μ
1069 4223 1114 4277 47.
1146 4220 1254 4292 γενητὸν
1280 4216 1301 4271 C

156 4315 391 4388 60.51.ἢρεμαῖν
409 4347 446 4362 -
462 4316 558 4390 μόνος]
580 4315 651 4370 lrea.
673 4315 696 4381 l,
718 4315 745 4368 la
772 4315 801 4368 Ia
819 4313 915 4386 ἦσυχίςι
932 4313 979 4368 καὶ
996 4311 1093 4384 ἠρεμίᾳ
1120 4312 1206 4385 πολλῇ
1225 4329 1304 4382 yayo-

156 4409 232 4462 amaa
249 4423 275 4461 tr.
293 4409 355 4462 nl.
