2920 4982
316 373 599 436 RECdPl'l'UdelO:
625 374 807 434 lldSlllDllS.
830 375 994 434 tustinus.
1157 369 1220 436 517

66 548 171 614 altum
204 561 275 610 sese
308 543 415 609 extulit
443 561 542 626 usque
572 543 610 610 ad
642 543 877 629 firmamentum,
910 545 1027 626 putavit
1055 563 1117 610 non
1149 563 1220 610 esse

66 675 169 740 supra
193 662 288 720 semet
310 655 408 737 ipsum
429 654 521 720 ullum
545 655 651 738 alium,
682 661 714 716 et
742 653 842 719 extitit
864 653 1093 719 subiacentibus
1117 657 1220 720 omni-

66 767 133 830 bus
159 763 351 847 splendidior
374 771 403 826 et
425 763 581 845 potentior
610 770 739 845 praeter,
763 763 900 828 relictam
929 762 1101 848 filietatem,
1131 783 1221 846 quam

66 874 243 959 ignorabat
272 891 342 938 esse
373 881 473 937 semet
504 873 730 956 sapientiorem.
791 873 847 937 llic
881 873 974 957 igitur
1008 872 1046 938 ad
1076 873 1260 942 labricamao

68 983 183 1048 mundi
204 999 312 1048 versus
335 981 463 1066 primum
487 989 618 1065 generat
648 981 705 1046 sibi
733 981 825 1046 filium
858 999 893 1046 se
920 984 988 1066 ipso
1018 985 1222 1070 superiorem,

70 1099 105 1156 et
140 1091 222 1155 bunc
255 1090 293 1157 ad
323 1089 481 1154 dexteram
511 1109 595 1154 suam
628 1089 795 1155 considere
824 1091 927 1169 inssit;
962 1097 1054 1173 atque
1086 1090 1166 1155 banc
1192 1091 1223 1157 bi

70 1201 218 1266 dictitant
240 1216 311 1264 esse
335 1197 517 1284 ogdoadem.
571 1199 640 1282 lpse
662 1199 756 1284 igitur
779 1197 944 1264 caelestem
973 1199 1119 1263 lubricam
1149 1199 1223 1263 uni·

70 1329 199 1376 versam
223 1308 396 1373 lubricatur.
442 1307 527 1371 Attus
559 1313 659 1372 autem
688 1306 804 1371 arcbon
834 1327 850 1370 a
882 1307 1047 1372 seminario
1079 1310 1223 1394 surrexit,

70 1419 174 1482 maior
208 1415 330 1499 quidem
362 1415 503 1479 omnibus
537 1414 767 1479 subiacentibus
802 1421 925 1498 praeter
946 1415 1085 1482 relictam
1108 1416 1261 1480 dlicta-ec

71 1534 159 1600 tem,
182 1525 276 1589 multo
300 1529 401 1588 autem
425 1521 552 1586 inlerior
572 1523 693 1607 priore,
722 1537 813 1605 quern
844 1529 958 1588 vocant
984 1523 1222 1590 hebdomadem.

72 1634 133 1699 llic
157 1637 205 1697 est
228 1633 379 1714 omniurn,
410 1649 490 1713 quae
520 1631 625 1694 subter
658 1631 726 1713 ipso
755 1636 841 1714 sunt,
874 1631 973 1696 iactor
1001 1637 1032 1694 et
1062 1631 1170 1715 opifex
1193 1641 1224 1698 et

72 1749 191 1826 rector,
215 1747 246 1804 et
266 1741 334 1823 ipse
357 1738 415 1802 sibi
437 1738 512 1802 lecit
532 1737 624 1802 lilium
648 1740 867 1822 sapientiorem
889 1744 920 1802 et
940 1739 1220 1826 intelligentiorem.

73 1853 161 1916 llaec
185 1856 285 1914 autem
310 1849 411 1912 omnia
433 1846 601 1912 secundum
623 1847 929 1929 praemeditationem
952 1865 1022 1912 esse
1044 1848 1123 1912 illius
1137 1867 1222 1912 non-

75 1961 157 2023 enlis
181 1956 301 2042 dicunt,
329 1972 400 2020 esse
431 1962 533 2018 autem
556 1954 688 2019 mundos
711 1962 742 2019 et
764 1953 880 2039 gradus
902 1954 1047 2021 infinitos.
1098 1955 1144 2019 dd
1167 1956 1260 2020 le-ao

75 2089 144 2134 sum
168 2073 267 2133 autem
292 2083 331 2130 ex
355 2063 451 2129 llaria
475 2071 576 2127 natum
600 2065 724 2127 venisse
748 2063 901 2148 evangelii
923 2069 1117 2150 potestatem,
1140 2083 1220 2148 quae

75 2177 240 2242 devenerit
261 2183 293 2240 et
314 2173 525 2238 illuminaverit
548 2179 579 2236 et
601 2170 753 2257 ogdoadis
774 2172 866 2240 filium
890 2179 921 2236 et
942 2170 1158 2256 hebdomadis,
1182 2171 1221 2235 ed

77 2283 304 2352 illuminandam
329 2288 359 2345 et
383 2301 423 2346 ex
445 2280 596 2345 classibus
618 2279 823 2363 separandam
855 2288 886 2344 et
917 2279 1108 2363 purgandam
1138 2279 1220 2344 filie-

77 2401 170 2460 tatem
196 2391 333 2456 relictam
364 2389 401 2452 ad
435 2387 692 2452 benefaciendum
724 2388 833 2452 animis
864 2395 894 2450 et
922 2387 1004 2452 bene
1034 2387 1219 2470 patiendum.

76 2503 114 2568 Et
134 2505 233 2565 semet
254 2516 325 2563 esse
347 2497 426 2561 lilios
449 2498 545 2580 aiunt,
566 2497 617 2578 qui
640 2514 708 2560 eam
732 2495 772 2559 ob
794 2512 933 2560 caussam
957 2498 1016 2560 sint
1038 2497 1067 2560 in
1095 2494 1259 2583 mundo,to

77 2617 111 2675 ut
133 2607 276 2673 docendo
300 2605 416 2672 animas
436 2611 570 2689 purgent
592 2609 623 2666 et
645 2603 733 2667 simul
757 2621 824 2668 cum
841 2603 966 2667 filietate
990 2605 1159 2668 escendunt
1181 2604 1220 2668 ad

78 2735 243 2802 supernum
261 2721 390 2798 patrem,
413 2730 476 2795 quo
498 2713 595 2795 prima
618 2711 738 2776 venerit
760 2710 880 2796 filietas,
903 2719 935 2775 et
958 2729 996 2776 eo
1020 2730 1119 2793 usque
1138 2728 1220 2776 con-

79 2837 161 2893 stare
192 2825 330 2889 dictitant
358 2820 518 2905 mundum,
554 2837 715 2903 quousque
747 2837 854 2883 omnes
884 2819 1004 2883 animae
1034 2819 1122 2884 simul
1150 2839 1217 2884 eum

80 2937 204 3002 filietate
225 2933 297 2997 illuc
319 2930 469 2995 venerint.
525 2929 610 2992 llaec
631 2929 724 3011 igitur
747 2935 778 2990 et
799 2926 947 2991 Basilides
970 2927 1118 2992 mirabilia
1142 2944 1218 2990 nar-

79 3063 150 3110 rans
172 3060 234 3107 non
267 3038 431 3102 erubescit.
1226 3054 1238 3104 1

166 3147 216 3214 15.
261 3147 392 3211 lustinus
416 3151 518 3208 autem
542 3143 661 3225 etipse
685 3142 854 3207 consimilia
885 3142 932 3206 bis
960 3149 1090 3207 conatus
1121 3144 1163 3207 ait
1188 3145 1218 3206 in

82 3260 161 3324 bunc
183 3253 323 3320 modum:
354 3255 411 3318 tria
445 3269 517 3316 esse
551 3250 700 3333 principia
734 3251 948 3316 universorum
980 3259 1221 3334 non-generata,

82 3366 213 3432 mascula
236 3363 314 3447 duo,
336 3361 515 3426 femininum
536 3345 638 3422 ununi.
682 3356 887 3424 llasculnrum
912 3367 1011 3422 autem
1026 3359 1220 3441 unumprin-

84 3477 190 3559 cipium
220 3479 348 3536 vocatur
378 3469 499 3552 Bonus,
529 3468 626 3549 ipsum
661 3465 722 3530 boc
752 3451 863 3531 solum'
886 3475 1032 3552 vocatus,
1062 3453 1243 3550 praesciusn'

84 3586 310 3658 universorum
344 3578 472 3642 alterum
494 3584 595 3640 eutem
619 3579 706 3656 pater
728 3577 860 3637 omnium
884 3583 1124 3659 generatorum,
1156 3593 1220 3637 non

84 3695 235 3777 praescius
267 3695 298 3752 et
326 3689 452 3771 ignarus
482 3691 513 3748 et
542 3683 609 3746 visu
637 3699 767 3766 carens,
799 3681 918 3746 Elobim
950 3691 1050 3746 autem
1083 3691 1222 3767 adeatur,

83 3803 183 3884 inquit.
227 3795 417 3860 Femininum
441 3799 542 3855 autern
565 3808 628 3852 non
649 3792 847 3875 praesciens,
869 3791 1067 3876 iracundum,
1090 3791 1221 3875 bimens,

85 3911 237 3990 bicorpor,
270 3903 359 3968 sicuti
392 3902 424 3964 in
452 3907 557 3963 nostra
590 3897 629 3962 de
653 3917 692 3961 eo
716 3898 922 3982 disputatione
944 3900 1096 3964 subtiliter
1118 3919 1220 3981 expo-

85 4018 200 4100 suimus,
222 4013 384 4095 superiora
401 4009 467 4072 eius
485 4005 662 4091 inguinibus
685 4013 774 4071 tenus
798 4025 869 4072 esse
892 4009 1052 4094 virginem,
1074 4009 1256 4073 interioratu

83 4208 233 4290 ppicumfl
281 4282 287 4292 ἱ
349 4211 375 4266 6.
394 4227 453 4282 sqq.
491 4203 533 4263 Gi.
546 4223 629 4280 supra
643 4225 671 4279 p.
684 4205 739 4262 218
751 4223 811 4281 sqq.
925 4211 951 4264 6.
970 4209 1079 4279 miram]
1098 4206 1142 4262 Ad
1162 4205 1220 4262 Se-

87 4309 186 4364 tbianos
214 4304 356 4378 respicere
379 4303 502 4366 ridetur,
527 4318 598 4374 quor
627 4299 748 4355 lustinus
770 4301 872 4375 exeipit
895 4301 967 4358 libro
994 4299 1026 4368 V,
1044 4303 1079 4356 23
1193 4301 1220 4356 8.

87 4396 202 4476 dploxipr]
222 4399 305 4466 ottae
324 4392 345 4452 C
363 4393 402 4452 Μ.
441 4391 482 4451 Cf.
501 4410 583 4466 supra
603 4412 629 4466 p.
649 4394 712 4460 218,
732 4396 767 4450 64
892 4395 916 4448 9.
935 4395 1090 4469 λεγόμενος]
1111 4394 1223 4468 λεγόμε-

87 4513 129 4548 νον
145 4487 166 4545 C
183 4487 222 4545 Μ.
260 4484 302 4544 Cl.
322 4504 404 4559 supra
423 4505 450 4559 p.
469 4485 531 4549 218,
546 4485 580 4540 65
709 4485 752 4542 ll.
773 4483 807 4538 ‘tl
822 4483 851 4538 di
869 4483 971 4561 θήλεια]
985 4485 1019 4539 Ἢ
1033 4485 1125 4552 θήλεια
1144 4482 1166 4540 C
1181 4484 1220 4541 M.

89 4581 125 4639 (ΖΙ.
141 4599 220 4655 supra
239 4600 265 4656 p.
284 4580 347 4646 218,
366 4583 401 4637 ot
476 4581 517 4635 id.
534 4577 564 4632 mi
583 4577 663 4658 κάτω]
681 4577 728 4631 sai
746 4575 815 4632 aciem
835 4573 909 4632 GM.
929 4574 1171 4651 Clauprap.218,
1184 4579 1219 4634 os
