3056 4970
594 346 697 403 SlllOli
720 344 845 404 nntius
1226 340 1290 407 249

148 517 198 574 tus
232 499 396 593 librorum,
428 513 550 592 gustum
578 509 666 593 dicit,
695 509 747 574 ubi
776 527 878 573 sermo
912 517 1067 590 operatur.
1124 509 1290 592 Propterea

150 615 231 678 enim
255 615 335 696 quod
357 614 491 696 loquitur
513 615 626 693 omnia,
650 614 856 696 appellatione
879 615 999 678 numeri
1021 620 1158 679 vocatur.
1202 615 1330 690 lieu-50

152 721 356 784 teronominm
380 726 491 803 autem,
514 721 621 804 inquit,
644 727 692 784 est
706 720 745 784 od
760 727 873 784 tectum
889 719 1010 784 lormati
1033 719 1155 784 infantis
1177 722 1290 784 inscri-

150 833 245 906 ptum.
289 825 384 890 Sicuti
409 827 488 888 enim
510 833 608 890 tactus
631 844 678 910 ee,
700 841 781 908 qnae
805 845 822 888 a
844 826 969 909 reliquis
991 825 1132 890 sensibus
1152 835 1296 908 conspe-'

151 935 200 994 cla
224 936 304 1014 sunt,
328 930 486 1014 tangendo
503 932 684 1013 recapitulat
707 939 737 995 et
759 930 928 1013 confirmat,
953 930 1060 994 durum
1085 938 1137 994 aut
1160 931 1291 996 calidum

151 1041 204 1096 aut
224 1033 372 1098 lubricum
394 1033 546 1118 probans,
577 1036 618 1100 ita
649 1037 771 1120 quintus
799 1035 879 1100 liber
904 1035 983 1120 legis
1010 1034 1222 1117 recapitulatio
1246 1045 1292 1100 est

151 1145 297 1220 quattuor
318 1140 512 1222 superiorum
535 1139 693 1204 librorum.
1301 1154 1331 1203 ao

239 1241 347 1307 Omnia
370 1243 472 1326 igitur,
493 1245 599 1328 iuquit,
624 1261 686 1308 non
708 1249 857 1326 generata
881 1243 1038 1306 extantia
1061 1240 1292 1322 nobisporpo-

152 1350 314 1429 testatem,
346 1345 617 1431 uon'ellicientia,
651 1355 684 1411 ut
714 1365 763 1412 ars
791 1347 989 1430 grammatica
1020 1350 1070 1408 aut
1094 1343 1291 1428 geometrica.

151 1448 211 1511 Ubi
232 1449 326 1533 igitur
355 1457 445 1514 uncta
458 1451 555 1515 ‘erunt
577 1451 795 1516 institutionem
819 1452 961 1514 idoneam
985 1457 1017 1512 et
1038 1448 1293 1531 informationem,

152 1558 185 1616 et
206 1559 402 1617 convertetur
428 1572 562 1618 omarum
585 1556 615 1618 in
639 1555 746 1637 dulce,
775 1553 834 1617 hoc
864 1561 914 1617 est
938 1554 1066 1617 lanceae
1088 1554 1117 1616 in
1142 1551 1239 1617 falces
1263 1560 1294 1616 et

152 1654 247 1738 gladii
273 1657 303 1718 in
330 1673 488 1720 vomeres:
522 1673 585 1722 non
616 1665 706 1721 erunt
732 1657 841 1739 paleae
871 1664 903 1720 et
921 1657 1005 1740 ligna
1028 1663 1098 1720 nata
1121 1656 1205 1740 igni,
1237 1653 1333 1730 sedeo

154 1759 270 1828 fructus
293 1759 459 1844 perlectus,
479 1761 645 1847 effigiatus,
667 1768 701 1826 ut
724 1760 879 1844 dicebam,
903 1760 1006 1824 similis
1030 1769 1061 1825 et
1083 1778 1209 1843 compar
1230 1777 1293 1822 non

154 1872 322 1948 generatae
345 1871 376 1928 et
396 1865 532 1929 infinitae
554 1867 708 1948 potestati.
753 1866 811 1931 Uni
833 1872 933 1930 autem
956 1865 1091 1930 manebit
1114 1865 1207 1930 arbor
1227 1865 1294 1930 sola

153 1967 285 2032 fructum
314 1987 377 2034 non
407 1968 527 2054 lerona,
560 1987 622 2033 non
645 1970 781 2054 elligiato
805 1969 933 2034 deletur.
988 1971 1087 2052 Prope
1111 1971 1207 2054 enim,
1241 1970 1294 2034 in-

155 2075 227 2158 quit,
250 2074 369 2136 securis
391 2081 439 2138 est
460 2073 499 2138 ad
521 2073 643 2138 radices
667 2074 797 2138 arboris.
850 2073 965 2158 Omnis,
988 2073 1095 2158 inquit,
1118 2072 1210 2153 arbor
1231 2091 1295 2138 non

155 2176 257 2240 lenens
277 2176 391 2241 bonum
413 2177 543 2241 linctum
567 2177 717 2241 exciditur
740 2185 770 2240 et
790 2179 821 2240 in
846 2177 949 2265 ignem
971 2179 1139 2241 coniicitur.
1305 2215 1337 2265 g,

242 2278 291 2345 17.
337 2280 392 2344 list
419 2283 513 2366 igitur
541 2281 709 2344 secundum
737 2281 890 2345 Simonem
914 2283 1034 2345 beatum
1056 2281 1130 2344 illud
1152 2288 1182 2344 et
1204 2279 1297 2344 inde-

153 2384 246 2448 lebile
268 2386 298 2447 in
323 2387 431 2466 quovis
454 2383 666 2449 absconditum
689 2390 851 2470 potestate,
874 2401 936 2448 nou
961 2383 1136 2470 efficientia,
1158 2385 1188 2448 id
1213 2385 1296 2468 quod

154 2493 203 2550 est
223 2489 249 2551 is
272 2487 324 2568 qui
347 2495 423 2571 stat,
451 2488 549 2572 stetit,
581 2487 690 2572 stanit,
723 2489 774 2570 qui
804 2494 866 2552 stat
892 2505 985 2570 supra
1007 2491 1038 2556 in
1062 2507 1125 2554 non
1148 2497 1296 2573 generata

154 2599 323 2677 potestate,
352 2594 403 2673 qui
425 2593 509 2657 stetit
530 2591 609 2657 inira
631 2593 663 2655 in
686 2592 811 2655 llumine
832 2610 997 2678 aquarum,
1026 2595 1058 2657 in
1081 2594 1212 2676 imagine
1235 2612 1297 2678 ge·

155 2703 297 2780 uerutus,
326 2697 378 2777 qui
401 2694 490 2759 stabit
511 2713 604 2778 supra
626 2697 709 2758 iuxta
733 2696 852 2760 beatam
874 2696 1021 2760 inlinitum
1044 2704 1240 2782 potestatem,
1270 2701 1336 2768 siro

155 2799 350 2883 elligiabitur.
403 2800 479 2864 'l'res
502 2801 582 2864 enim
604 2807 689 2880 sunt,
713 2801 827 2884 inquit,
850 2801 900 2882 qui
922 2805 1019 2886 stant,
1043 2797 1214 2886 nec,'quiu
1236 2804 1297 2866 sint

154 2911 219 2967 tres
242 2920 357 2967 aeones
380 2903 432 2984 qui
459 2909 553 2988 stant,
584 2903 751 2966 adornatur
778 2909 947 2985 generatus
975 2903 1018 2988 is,
1049 2905 1100 2987 qui
1129 2905 1296 2969 secundum

154 3008 223 3072 illos
245 3025 340 3090 super
362 3027 470 3090 aquam
489 3008 595 3093 lemur,
618 3015 758 3091 tanquam
784 3007 822 3071 ad
846 3008 1069 3073 similitudinem
1083 3009 1207 3073 relictus
1222 3029 1298 3093 per-

156 3113 254 3178 lectus
285 3113 442 3198 caelestis,
472 3113 523 3195 qui
555 3114 635 3178 nulla
657 3116 779 3179 rationo
800 3114 928 3178 inferior
950 3132 1040 3195 quam
1063 3133 1125 3178 non
1149 3124 1297 3198 generata

156 3225 292 3300 potestas
312 3217 411 3282 laetus
428 3223 484 3281 est.
528 3217 594 3281 lloc
611 3225 658 3281 est
681 3216 764 3300 quod
788 3219 885 3282 aiunt:
909 3236 970 3302 ego
995 3225 1025 3280 et
1047 3226 1079 3282 tu
1102 3236 1205 3301 unum,
1226 3227 1337 3284 antero

156 3341 206 3385 me
227 3329 275 3404 tn,
298 3322 329 3386 id
355 3321 436 3403 guod
458 3328 580 3405 postte
603 3339 674 3404 ego.
718 3322 823 3405 llaec,
850 3324 966 3405 inquit,
1000 3329 1046 3386 est
1068 3329 1205 3406 poteslas
1228 3343 1297 3408 una,

147 3425 269 3510 divisa,
291 3442 442 3509 superne,
474 3424 614 3506 interne,
643 3433 739 3487 semet
763 3427 912 3509 gignens,
944 3434 1045 3490 semet
1065 3427 1167 3512 alens,
1200 3436 1300 3492 semet

156 3549 324 3615 quaerens,
356 3539 456 3595 semet
477 3534 656 3612 reperiens,
685 3531 732 3594 sui
756 3533 849 3612 ipsius
872 3540 981 3616 mater,
1016 3536 1061 3597 sui
1084 3536 1178 3616 ipsius
1201 3543 1298 3621 pater,

157 3638 203 3700 sui
226 3637 320 3717 ipsius
343 3653 451 3718 soror,
475 3635 522 3697 sui
545 3635 639 3716 ipsius
662 3635 793 3716 coniux,
831 3637 878 3698 sui
901 3637 997 3717 ipsius
1020 3636 1099 3722 tilia,
1133 3641 1297 3722 suiipsius

156 3741 245 3823 filius,
267 3747 373 3824 meter,
396 3747 493 3821 pater,
516 3758 623 3824 unum,
647 3757 715 3803 cum
737 3741 777 3802 sit
796 3739 886 3803 radix
909 3742 1054 3807 omnium.
1305 3767 1337 3815 ρο

241 3846 278 3909 Et
306 3863 346 3908 ex
376 3845 449 3929 igne
474 3845 547 3908 oriri
570 3845 749 3927 principium
772 3847 980 3930 generationis
1003 3864 1109 3911 eorum
1133 3866 1213 3930 queo
1236 3867 1297 3933 ge-

156 4004 277 4075 δρὲπανα
294 4022 318 4058 κ.
337 4021 357 4056 r.
378 4005 401 4056 1.
516 4004 561 4058 14.
579 4003 618 4076 μὴ
636 4011 699 4057 ante
715 4005 923 4076 ἐξεικονισμὲνον
942 4020 986 4058 om
1004 4001 1066 4058 CM
1180 4005 1296 4060 'ts-tt.

161 4091 258 4150 Manat.
278 4095 309 4160 5,
330 4096 362 4149 1⁰
380 4093 447 4162 Ἤδη
464 4095 494 4150 δὲ
512 4095 527 4161 ἢ
546 4096 622 4162 ditm
639 4095 708 4168 πρὸς
724 4093 768 4162 τὴν
786 4095 863 4166 ῥίζαν
882 4091 1000 4170 [radices
1018 4096 1108 4166 abcd
1127 4093 1215 4151 Lucil.
1235 4094 1296 4171 120]

156 4185 207 4238 coir
223 4186 344 4256 δένδρων
360 4189 455 4238 κεῖται·
483 4181 538 4258 usic
563 4182 611 4241 οὖν
628 4187 742 4258 δένδρον
758 4187 796 4260 μὴ
815 4187 911 4241 ποιοῦν
929 4187 1034 4258 καρῃόν
1049 4187 1134 4242 καλὸν
1151 4187 1298 4242 ἐκκόπτεται

153 4278 200 4331 καὶ
217 4279 254 4338 εἰς
270 4278 324 4348 πῦρ
341 4277 470 4346 pomam
508 4275 549 4332 Cf.
568 4276 636 4334 Luc.
656 4281 681 4344 3,
701 4281 728 4334 9.
848 4280 893 4335 et.
921 4279 935 4332 ὁ
960 4280 1092 4351 pirenses]
1118 4279 1133 4332 d
1157 4277 1297 4350 ἀγένητος

158 4366 235 4425 CM.
273 4365 315 4424 ct.
335 4385 417 4440 supra
435 4385 463 4440 p.
481 4369 545 4434 242,
563 4369 680 4426 71-83.
794 4371 840 4426 86.
859 4369 919 4424 κατ’
940 4371 1080 4443 οὐδιμίαν]
1099 4367 1165 4424 κατὰ
1182 4370 1211 4428 di
1228 4373 1297 4442 μίαν

158 4457 228 4518 CM
341 4461 388 4518 88.
418 4459 508 4534 rtJap
525 4457 547 4518 C
662 4462 706 4518 92
735 4461 778 4528 lv,
797 4455 874 4533 oica]
892 4458 1029 4518 lreicuC
