3056 4970
665 308 884 372 valentinus.
1279 311 1338 377 ²61

201 475 296 558 Plato,
319 475 458 540 Graecos
481 473 603 561 docuit,
636 479 792 542 etiamtum
813 476 948 544 intentes
970 495 1030 542 nee
1051 479 1203 561 anb‘quius
1227 481 1341 546 deere-

198 589 260 648 tum
280 581 364 666 quod
390 583 429 646 ad
452 582 619 647 doctrinam
642 585 681 649 de
705 585 764 648 deo
788 584 961 649 referretur
990 587 1148 670 cognitum
1178 586 1378 658 habentesto

199 689 238 754 Ut
258 691 350 774 igitur
382 705 605 772 persequemur
634 692 776 775 decreta,
807 709 887 772 quae
918 709 975 774 pro
1006 691 1207 758 fondamento
1238 700 1340 778 posuit

197 795 388 879 Valentinus,
410 797 495 876 prius
518 797 689 862 edisseram
710 816 802 882 nune,
827 815 908 880 quae
924 799 1061 883 similla,
1084 818 1163 881 qnae
1181 798 1339 887 Pythago-

196 919 249 968 ras
272 902 391 968 Samius
413 903 518 966 iuneto
539 902 598 966 sibi
621 903 780 968 celebrato
804 904 857 968 illo
881 905 1006 968 Graecis
1028 903 1202 974 hominibus
1217 910 1337 976 silentio

197 1008 442 1092 philosophatur,
465 1015 527 1072 tum
549 1012 589 1073 ita
613 1009 707 1095 haee,
731 1028 812 1094 quae
836 1030 855 1076 a
876 1013 1002 1076 Platone
1025 1019 1144 1092 sumpta
1169 1023 1200 1079 et
1222 1017 1337 1099 Pytha-

197 1131 275 1199 gora
304 1115 483 1180 Valentinus
512 1115 673 1180 sublimem
702 1117 735 1180 in
763 1120 898 1200 speeiem
926 1119 1023 1184 relert
1053 1120 1093 1183 ad
1121 1121 1270 1186 (hristum
1305 1134 1373 1192 etu

197 1228 269 1286 ante
298 1220 448 1284 Christum
471 1220 511 1286 ad
533 1221 653 1287 Patrem
683 1226 819 1290 universi
841 1231 873 1289 et
895 1225 935 1291 ad
957 1226 1115 1292 sitentium
1137 1229 1334 1311 coniugatum

195 1345 264 1392 oum
286 1327 384 1391 Patre.

280 1431 333 1496 23.
376 1431 567 1516 Pythagoras
603 1433 696 1517 igitur
729 1437 872 1515 tanquam
909 1433 1088 1516 principium
1119 1439 1334 1504 universorum

194 1559 256 1606 non
279 1549 462 1622 generatum
485 1539 585 1623 posuit
608 1538 787 1625 monadem,
819 1541 954 1622 genitam
978 1551 1080 1606 autem
1105 1543 1234 1627 dyadem
1256 1547 1334 1612 reli-

193 1665 334 1731 quosque
364 1664 511 1712 numeros
540 1663 662 1710 omnes.
708 1646 747 1711 Et
776 1645 884 1729 dyadis
914 1655 1013 1711 autem
1041 1656 1158 1730 patrem
1188 1653 1231 1715 ait
1262 1670 1371 1724 esseeo

193 1755 374 1839 monadem,
407 1754 542 1820 omnium
570 1759 673 1819 autern
703 1771 784 1834 quae
813 1760 1002 1836 generantur
1032 1763 1159 1819 matrem
1190 1757 1333 1842 dyadem,

191 1869 370 1946 generatam
402 1835 630 1944 gemeratorum.
703 1859 742 1923 Et
776 1859 921 1940 Zaratas,
953 1859 1148 1943 Pythagorae
1176 1867 1331 1951 magister,

190 1987 281 2033 aarum
303 1967 436 2032 voeahat
456 1975 587 2050 putrem
610 1967 671 2030 duo
693 1973 796 2030 autem
817 1973 954 2030 matrem.
1004 1967 1158 2032 Generum
1182 1973 1262 2034 enim
1283 1979 1332 2038 est

191 2093 232 2141 ex
252 2074 385 2138 monade
414 2073 490 2156 dyas
513 2071 684 2138 secundnm
707 2071 927 2156 Pythagoram,
950 2080 982 2138 et
1004 2091 1113 2139 monas
1136 2076 1260 2158 quidem
1283 2085 1331 2143 eat

191 2182 356 2246 musonium
379 2185 412 2244 et
434 2181 548 2264 prima,
583 2178 659 2262 dyas
683 2185 786 2244 autem
807 2177 996 2246 femininum.
1047 2179 1077 2244 A
1101 2179 1203 2264 dyade
1226 2190 1366 2254 artemia

69 2379 73 2390 Ι
188 2305 306 2371 rursus,
328 2293 361 2350 ut
381 2286 570 2370 Pythagoras
594 2285 685 2368 dieii,
711 2283 785 2348 trias
809 2293 842 2348 et
863 2284 1011 2368 deinceps
1033 2288 1153 2354 numeri
1176 2287 1214 2352 ad
1240 2289 1328 2354 deei-

189 2413 278 2460 mum.
323 2393 411 2456 llune
433 2392 513 2454 enim
535 2390 634 2455 solum
657 2391 744 2454 novit
765 2390 955 2475 Pythagoras
977 2391 1147 2474 perlectum
1168 2412 1327 2460 numerum

189 2498 362 2577 deeimnm3
383 2497 576 2562 undecimum
599 2498 680 2560 enim
703 2505 734 2561 et
752 2495 968 2560 duodecimum
990 2498 1192 2578 appendicem
1216 2507 1246 2564 et
1261 2502 1328 2564 rei-

186 2607 368 2672 terationem
397 2601 522 2686 deeinri,
559 2619 623 2665 non
652 2601 729 2666 alius
757 2602 926 2682 cuiuspiam
948 2603 1067 2666 numeri
1090 2599 1352 2686 generationem

186 2711 217 2778 id
239 2710 323 2794 quod
346 2717 527 2794 apponatur.
582 2707 691 2774 Omnia
713 2713 816 2771 autem
837 2724 971 2788 corpora
992 2707 1091 2774 solida
1114 2727 1155 2772 ex
1175 2710 1365 2793 inoorpo-oo

185 2817 249 2882 reis
277 2823 418 2901 generat
472 2814 617 2896 Namque
643 2819 675 2876 et
703 2831 867 2894 corporum
899 2820 932 2876 et
957 2813 1215 2895 incorporeorum
1237 2817 1326 2880 simul

187 2923 372 2989 elementum
394 2937 466 2986 esse
487 2919 530 2984 ait
557 2926 588 2984 et
609 2919 789 3002 principium
811 2924 957 3001 punctum
980 2919 1063 3002 quod
1086 2929 1133 2986 est
1155 2922 1325 3010 indivisum,

186 3030 323 3094 naseitnr
344 3032 455 3110 autem,
477 3025 587 3110 inquit,
610 3030 785 3107 expuncto
808 3023 888 3088 linea
911 3033 945 3088 et
965 3042 1006 3088 ex
1027 3025 1110 3093 linea
1133 3030 1323 3115 superficies,

187 3133 366 3217 superficies
388 3149 464 3196 vero
486 3129 662 3213 procedens
676 3131 706 3193 in
722 3131 910 3196 altitudinem
934 3130 1066 3198 solidum
1088 3137 1195 3222 extitit,
1217 3137 1323 3222 inquit,

186 3256 310 3322 eorpus.
360 3237 448 3302 Unde
475 3244 507 3300 et
526 3235 739 3300 iusiurandum
762 3235 917 3317 quoddam
939 3245 989 3302 est
1008 3238 1207 3322 Pythagoreis
1229 3250 1362 3324 quat-rs

186 3352 258 3411 tuor
279 3344 504 3408 elementorum
525 3349 705 3407 concentus.
749 3341 855 3407 lurant
876 3351 978 3408 aulem
1001 3343 1033 3406 in
1053 3345 1135 3410 hune
1158 3347 1298 3414 modum:

294 3449 355 3512 Per
376 3466 455 3532 eum,
478 3449 531 3529 qui
553 3446 676 3512 tradidit
698 3458 805 3514 nostro
830 3450 921 3532 capiti
944 3456 1180 3540 quaternarium,

242 3595 252 3614 .
294 3553 423 3620 Fontem
446 3554 651 3638 sempiternae
673 3560 802 3618 naturae
822 3555 945 3620 radices
967 3555 1141 3622 habentem.

181 3657 236 3724 Est
257 3669 361 3726 autern
383 3661 598 3744 quaternarius
620 3661 803 3726 naturalium
825 3667 856 3724 et
878 3661 1047 3726 solidorum
1060 3684 1224 3748 corporum
1234 3668 1324 3750 prin-

181 3763 309 3850 ulpium,
340 3774 373 3831 ut
392 3782 503 3832 monas
523 3765 767 3849 intelligibilium.
821 3767 860 3832 Et
882 3773 1110 3851 quaternarium
1136 3783 1239 3840 autem
1261 3792 1362 3859 ge-ro

179 3963 287 4036 μητέρα,
302 3961 330 4017 nd
348 3962 378 4018 dt
397 3963 426 4018 ’ἐν
442 3966 548 4037 πατέρα.
657 3964 704 4021 75.
728 3965 769 4035 ds']
787 3963 813 4020 ab
832 3958 854 4018 C
969 3962 1014 4022 75.
1033 3981 1092 4037 sqq.
1131 3961 1173 4019 Cf.
1191 3981 1274 4036 supra
1292 3983 1320 4037 p.

182 4051 250 4115 tot,
273 4051 311 4105 42
335 4067 393 4124 sqq.
414 4060 443 4106 et
460 4049 569 4124 Philop.
589 4053 618 4108 in
637 4051 659 4108 l.
679 4055 710 4108 de
727 4054 779 4108 An.
799 4071 826 4124 p.
844 4054 872 4107 2.
993 4055 1038 4108 76.
1056 4050 1194 4130 στοιχεῖον]
1213 4059 1323 4127 σημεῖον

180 4135 246 4198 cli
322 4143 367 4198 78.
386 4144 414 4196 tar
431 4144 561 4217 γραμμῆς
578 4143 721 4217 ἐπιφάνεια
741 4161 787 4198 οιιι
805 4139 878 4200 cll.
916 4139 958 4200 Cf.
978 4161 1060 4216 supra
1079 4143 1099 4200 l.
1116 4144 1135 4198 l.
1216 4145 1261 4200 87.
1274 4144 1321 4199 83.

178 4231 223 4288 De
242 4231 285 4288 his
304 4234 411 4290 dnobus
430 4235 556 4291 renibus
581 4235 618 4292 ol.
643 4235 786 4292 Fabricius
812 4236 841 4292 in
859 4240 930 4294 sest.
949 4239 1025 4310 Eup.
1044 4253 1071 4308 p.
1090 4235 1153 4290 332.
1173 4232 1203 4289 M
1274 4235 1319 4288 82.
1442 4257 1446 4266 ·

178 4323 300 4399 ἁμάπρα
322 4329 423 4398 napata
442 4323 545 4401 (stopo
659 4329 704 4385 83.
724 4324 881 4384 asnebec
971 4322 1110 4402 datripur']
1131 4321 1212 4380 0an
1229 4325 1317 4397 spatio

180 4416 279 4472 relicto
350 4418 396 4476 86.
418 4418 539 4492 ἦμονὰς
557 4415 643 4476 ornG
