3006 4976
648 351 775 413 hautot.
1219 347 1277 414 101

139 511 212 576 dam
236 515 442 601 ostendimus,
462 503 514 580 'ne
543 517 603 580 hoc
632 518 752 598 quidem
784 520 879 581 vbum
908 525 955 582 est
984 525 1104 604 tacere,
1134 521 1165 583 id
1194 522 1299 602 quodt

139 621 350 684 nmcnanun
374 629 440 706 est,
470 622 628 702 quomodo
663 624 820 687 solventes
843 625 941 705 sigilla
963 625 1080 688 litteras
1103 625 1280 710 obsignatas

139 725 271 808 integris
293 727 400 810 sigillis
420 727 560 792 reddant.
605 729 706 792 Pieem
730 737 760 792 et
781 731 913 793 resinam
938 739 969 794 ct
990 732 1282 812 sullurpraeterca-

140 849 204 910 que
226 832 396 914 asphaltum
420 851 458 895 ex
482 837 546 915 pari
575 835 720 916 portione
745 835 996 921 liquefacientes,
1030 838 1146 920 collyrii
1181 839 1279 922 ligura

140 937 311 1002 lermantes
334 941 521 1006 custodium.
573 941 703 1024 Tempus
725 949 826 1006 autem
849 942 900 1005 ubi
924 949 979 1006 est
992 942 1133 1006 solvendi
1154 944 1302 1016 tillem-s

140 1043 205 1127 las,
234 1045 371 1128 linguam
394 1046 465 1110 olco
488 1047 699 1111 humectantes
722 1057 754 1110 et
776 1049 924 1130 deinceps
946 1047 1075 1132 sigillum
1094 1050 1280 1132 inungentes

143 1149 267 1214 modico
289 1153 355 1235 igni
377 1152 596 1216 caleiacientcs
628 1153 880 1218 medicamentum
911 1154 1047 1220 inierunt
1074 1157 1104 1218 in
1140 1156 1280 1238 sigillum,

143 1266 205 1320 tum
229 1258 331 1321 donec
354 1277 481 1340 prorsus
503 1261 633 1342 riguerit
655 1261 766 1342 sidunt,
789 1267 821 1323 et
842 1260 902 1324 hoc
924 1261 1022 1324 instar
1044 1261 1125 1322 anuli
1146 1267 1279 1324 utuntur.

140 1363 255 1426 Dicunt
278 1372 380 1428 autern
404 1367 494 1428 etiarn
517 1383 619 1428 ceram
641 1383 708 1427 eum
737 1367 840 1429 resina
862 1369 953 1447 pinea
976 1365 1102 1428 similem
1129 1367 1188 1428 vim
1221 1365 1280 1429 ha-

140 1467 237 1542 here,
266 1477 296 1531 ct
320 1470 485 1533 masticina
507 1471 583 1532 duas
604 1478 709 1551 partes
731 1489 798 1532 eum
821 1478 908 1550 parte
931 1472 1035 1534 aridae
1058 1470 1193 1552 asphalti.
1242 1471 1317 1535 Ello

141 1574 241 1637 srdtnn
263 1582 363 1638 autem
387 1577 485 1640 solum
509 1575 619 1638 sullicit
643 1583 674 1638 et
697 1578 785 1658 gypsi
807 1593 884 1638 vero
907 1575 965 1638 llos
996 1595 1063 1640 oum
1096 1595 1174 1658 aqua
1203 1595 1278 1656 per-

140 1658 262 1743 chlatus
293 1688 325 1743 et
352 1681 482 1762 gummi;
512 1678 572 1743 hoc
598 1699 674 1744 vero
697 1682 787 1744 etiam
811 1683 849 1745 ad
874 1681 1096 1762 obsignandum
1128 1681 1279 1762 plumbum

140 1786 337 1867 liquelactum
359 1795 496 1867 praestat
518 1787 641 1868 optimc.
696 1787 734 1850 Et
757 1787 786 1850 id
811 1789 892 1868 quod
914 1788 947 1850 lit
974 1805 1031 1868 per
1053 1787 1181 1850 luscam
1201 1801 1280 1849 vero

140 1909 244 1954 ceram
267 1898 299 1952 et
318 1891 481 1956 admixtam
504 1895 636 1956 resinam
660 1899 691 1954 et
705 1894 806 1974 picem
829 1903 861 1957 et
874 1893 1040 1974 asphaltum
1064 1898 1095 1954 et
1111 1889 1279 1954 mastichen

140 2003 176 2058 et
196 1995 341 2059 minutum
364 2015 511 2078 marmor,
540 2015 609 2060 cum
639 2017 679 2061 cx
700 2000 766 2079 pari
794 2000 939 2079 portione
968 1999 1068 2061 omnia
1095 2003 1316 2080 conmunionis

139 2101 269 2181 reliquis
291 2101 435 2164 omnibus·
454 2119 533 2182 quae
551 2101 689 2165 dicebam
707 2104 937 2166 medicamentis
951 2110 1095 2187 praestat,
1118 2105 1278 2185 gypsinum

140 2211 243 2268 autern
267 2223 330 2269 non
353 2207 462 2269 minus.
506 2208 558 2271 Sic
580 2207 672 2289 igitur
695 2213 727 2270 cl
748 2208 846 2290 sigilla
869 2207 992 2269 solvere
1012 2209 1177 2292 intentant,
1199 2224 1279 2288 qnae

139 2312 222 2374 intus
244 2311 359 2392 scripta
381 2320 452 2374 sunt
475 2311 596 2375 discere
618 2321 757 2375 aventes.
802 2313 863 2375 llas
886 2319 988 2376 autem
1011 2313 1185 2377 dubitabam
1210 2332 1279 2377 ma-

141 2415 249 2480 chinas
271 2419 412 2481 inserere
434 2420 465 2480 in
488 2417 570 2481 hunc
591 2417 713 2502 librum,
737 2437 852 2482 cavens
875 2436 915 2481 nc
936 2419 1017 2481 forte
1037 2421 1104 2500 quis
1126 2418 1281 2482 maleficas

140 2522 221 2586 baec
232 2526 385 2605 arriperet
399 2531 428 2587 et
443 2531 615 2604 usurparet.
659 2525 748 2588 Nunc
764 2532 864 2588 autem
880 2526 1043 2607 reputanti,
1066 2532 1141 2606 quot
1153 2527 1316 2587 iuvenesao

31 2643 37 2656 ·
141 2627 190 2692 his
212 2629 341 2710 proditis
363 2630 480 2692 servari
502 2637 649 2712 possent,
681 2631 841 2712 consilium
865 2630 922 2693 luit
944 2631 1061 2694 docere
1084 2637 1116 2692 et
1138 2629 1280 2711 prodere,
1325 2705 1331 2716 ι

140 2739 174 2794 ut
196 2739 371 2796 caveretur.
420 2733 458 2795 Ut
476 2734 555 2794 enim
577 2733 735 2814 usurpabit
751 2734 898 2814 quispiam
918 2733 955 2795 ad
977 2733 1185 2815 cognitionem
1203 2733 1280 2814 mali,

140 2838 182 2899 ita
206 2837 283 2900 alius
302 2838 370 2918 quis
388 2836 441 2900 ubi
464 2837 606 2900 didicerit
627 2839 761 2920 cavebit,
785 2846 816 2900 et
837 2839 922 2919 ipsos
937 2855 1013 2902 vero
1027 2838 1109 2900 uiae
1126 2835 1280 2918 deprava-

142 2951 229 3008 tores
251 2961 359 3025 ,magos
382 2942 507 3025 pudebit
532 2951 601 3007 arte
629 2961 685 3006 sua
708 2944 760 3006 uti.
813 2943 870 3006 Ubi
893 2949 997 3006 autem
1018 2941 1181 3006 didicerint
1201 2939 1279 3003 haec

140 3069 158 3112 a
180 3049 272 3112 nobis
293 3055 552 3131 praemonstrata,
576 3048 709 3112 tortasse
730 3048 974 3128 prohibebuntur
996 3067 1014 3111 a
1038 3047 1191 3111 dementia
1214 3057 1314 3109 sumac

138 3155 186 3218 lie
204 3172 280 3218 vero
298 3155 436 3218 solvatur
454 3153 512 3216 hac
529 3154 651 3216 ratione
668 3154 810 3237 sigillum,
833 3153 953 3234 adipem
976 3153 1096 3216 suillum
1121 3157 1152 3214 et
1174 3153 1276 3214 crines

138 3279 234 3324 cerae
257 3260 430 3324 admiscens
453 3258 605 3342 obsignet.

226 3463 278 3530 35.
323 3465 385 3530 Sed
413 3482 453 3527 ne
479 3463 726 3528 vaticinationem
750 3465 892 3547 quidem,
922 3481 1002 3542 quaa
1023 3462 1056 3524 tit
1079 3481 1135 3543 per
1157 3464 1276 3545 pelvim,

138 3593 220 3656 quae
244 3583 292 3636 est
314 3591 355 3635 ox
377 3570 534 3635 fraudibus
557 3585 680 3654 corum,
703 3569 811 3632 silebo.
856 3567 1011 3632 conclave
1035 3569 1115 3630 euim
1140 3569 1275 3632 clausum

137 3729 277 3800 κολλύριον
294 3729 341 3782 καί
359 3728 495 3801 θερμήνας
512 3731 578 3800 napi
582 3767 591 3792 ,
610 3726 691 3798 σιοίλρι
710 3725 753 3792 τὴν
771 3725 910 3796 σφραγῖδα
925 3727 1086 3796 προχρίσας,
1106 3727 1218 3778 tumes·
1230 3727 1277 3778 καὶ

137 3823 267 3892 ἀπέματτε
278 3821 323 3873 aar
333 3819 421 3873 τύπον.
454 3817 529 3874 Celsi
541 3819 627 3873 libros
640 3819 715 3889 ipsos
729 3816 819 3871 statim
833 3823 1027 3870 commemorat
1036 3811 1181 3879 Lucienus,
1197 3817 1225 3868 lu
1236 3819 1277 3876 οίς

136 3913 203 3966 κατὰ
219 3910 319 3983 μάγων
335 3912 487 3982 συνέγραψε
501 3911 646 3970 καλλίστοις
658 3907 756 3981 radipert
772 3907 819 3960 καί
833 3905 1045 3978 ὠφελιμωτάτοις
1059 3904 1276 3977 συγγράμμασιν,

138 4003 305 4075 eosdemque
325 3999 461 4073 Origenes
480 4019 504 4056 c.
525 3999 599 4056 Cels.
618 3999 639 4064 1,
655 4001 699 4056 68.
726 4017 753 4071 p.
764 4000 817 4054 383
853 3999 878 4053 Α
902 3999 946 4052 ed.
964 3995 1051 4051 linaei
1075 3995 1141 4049 κατὰ
1161 4000 1277 4068 μαγείας

135 4097 227 4164 βιβλία
238 4097 348 4148 ammae
360 4093 436 4148 dieis
483 4094 525 4148 13.
533 4095 585 4146 ἔστι
595 4090 654 4146 dic
689 4090 830 4163 colligans
840 4088 874 4145 C:
883 4089 1024 4162 κολλύριον
1032 4083 1062 4142 M
1121 4087 1161 4140 lt.
1169 4089 1241 4141 τοῦτο
1254 4084 1275 4139 C

136 4186 182 4238 at.
199 4180 374 4257 διιιμίνοοῦ
470 4183 608 4254 τιίμμιως]
626 4181 753 4255 adpensus
772 4181 809 4244 τίς
826 4178 848 4236 C
867 4179 897 4236 Μ
1009 4181 1056 4234 33.
1072 4179 1101 4232 τὸ
1118 4195 1161 4232 om
1181 4174 1203 4229 C
1220 4175 1250 4232 M

136 4277 183 4332 24·
201 4277 342 4348 φθρθπῆς]
361 4275 469 4348 gemis
487 4271 522 4329 G:
537 4275 653 4345 φροττῆς
669 4272 715 4328 Μ·
763 4275 809 4328 καί
827 4273 879 4327 ntd
897 4270 928 4328 Μ
998 4272 1043 4326 38.
1066 4269 1167 4328 reim
1184 4268 1213 4322 δ’
1227 4269 1275 4321 oda

135 4365 173 4421 ἂν
189 4397 226 4412 ·-·
242 4365 413 4429 Macer
429 4365 457 4439 τῇ
473 4367 557 4436 βίβλοι
575 4363 597 4418 C
678 4365 723 4421 ³5.
742 4366 967 4438 npudtduxds'r‘ru]
986 4361 1039 4432 τ’τρο
1057 4395 1216 4413 ........
1237 4355 1272 4412 C:

134 4459 303 4528 σροθοθίντι
315 4473 337 4514 ι.
348 4452 541 4530 spangam
555 4473 578 4510 ι.
591 4457 794 4526 προδηλοιθίντα
812 4454 924 4527 ampli
970 4455 1015 4508 36.
1034 4450 1120 4522 ταύτῃ]
1135 4447 1197 4516 αὕτη
1212 4447 1272 4505 Chi
