2920 4982
258 247 322 315 508
364 209 613 336 [μοιε-ιιεη
722 252 816 312 ιιοιιι
844 253 886 328 x,
914 257 961 313 ιι.
994 339 1007 362 „
1119 327 1125 342 Ι

258 433 395 486 σπαοται
416 423 493 510 [καὶ]
518 420 734 508 μετενήνεκται
765 419 811 496 είς
839 421 988 508 τοιαότην
1009 421 1108 507 φῦσιν
1128 423 1207 506 μετά
1230 424 1295 486 τοῦ
1320 417 1405 486 πνεό-

256 553 355 615 ματος
375 530 410 594 ιδ
432 533 512 616 φῦς.
558 531 723 618 Φρόνιμον
745 525 805 595 οῦν
826 530 860 596 τδ
884 529 992 606 σκότος
1010 531 1017 620 Ι
1036 533 1075 596 δν
1096 535 1151 595 καί
1166 533 1345 610 γινῦσκον,
1361 529 1405 604 δα,

222 641 301 708 οοδν
322 637 463 730 ἀπαρθῆ
484 636 541 704 ἀπ’
563 634 662 704 αῦτοῦ
683 639 717 703 οδ
740 641 824 725 φοῦς,
846 641 935 722 μένει
956 639 990 704 τό
1014 639 1123 716 σκότος
1144 638 1286 728 ἔρημον,
1326 636 1404 724 ἀφα·

259 750 327 826 νές,
363 745 529 832 ἀλαμπές,
570 747 756 833 ἀδιίναμον,
792 741 976 835 ἄπρακτον,
1015 747 1171 828 ἀσθενές,
1209 747 1298 838 τῷδε
1330 747 1406 836 πάση

258 866 378 922 συνέσει
398 861 453 921 καὶ
475 857 627 944 φρονήσει
648 854 789 940 βιάζεται
819 859 962 939 κατέχειν
993 857 1039 934 είς
1070 857 1164 923 έαοτδ
1193 861 1251 945 τήν
1284 855 1406 942 λαμπη-

257 965 339 1031 δόνα
372 971 425 1030 καί
454 969 509 1032 τόν
541 969 709 1052 σπινθῆρα
742 969 797 1031 τοῦ
821 967 926 1052 φωτδς
955 965 1033 1050 μετδ
1062 971 1116 1054 τῆς
1144 970 1199 1032 τοῦ
1227 967 1407 1050 πνεύμασι

256 1071 403 1150 ειίωδίας.
446 1074 569 1140 Είκόνα
589 1075 698 1140 τοῦτου
721 1073 835 1162 ταῦτην
856 1073 1102 1164 παρεισάγοοσι,
1125 1075 1283 1158 λέγοντες·
1308 1075 1404 1156 ὥσπερ

220 1182 276 1271 ίοή
305 1183 384 1270 κόρη
418 1187 473 1249 τοῦ
508 1183 691 1270 ὀφθαλμοῦ
717 1181 821 1264 ’[ῦπδ]
857 1183 1077 1268 ὑποκειμένων
1108 1184 1236 1251 όδάτων
1269 1185 1404 1268 σκοτεινή

257 1296 421 1378 φαίνεται,
446 1292 609 1380 φωτίζεται
631 1293 667 1358 δὲ
689 1291 753 1359 όπδ
776 1297 833 1360 τοῦ
855 1295 1050 1379 πνεύματος,
1075 1295 1175 1371 οὕτως
1196 1292 1404 1360 ἀντιποιεῖται

255 1403 290 1469 τδ
313 1403 421 1478 σκότος
442 1405 498 1467 τοῦ
519 1403 699 1488 πνεύματος
704 1451 716 1480 ,
746 1403 808 1485 ἔχει
831 1403 868 1469 δέ
890 1403 968 1491 παρ’
990 1403 1093 1492 ἑαυτῷ
1126 1405 1235 1480 πόσας
1272 1407 1339 1479 τάς
1359 1401 1404 1466 δυ

257 1509 369 1596 νάμεις
399 1509 598 1597 βουλομένας
629 1511 832 1598 ἀφίστασθαι
865 1517 920 1576 καί
951 1511 1088 1578 ἀνιέναι.
1144 1513 1216 1577 Είσλ
1245 1511 1288 1576 δὲ
1321 1507 1405 1576 αόιαι

256 1618 425 1707 ἀπειράκις
447 1621 591 1707 ἄπειροι,
621 1620 657 1699 ἐξ
679 1617 725 1686 ἀν
741 1619 783 1686 -τά
807 1621 914 1686 πάντα
935 1625 1087 1687 τυποῦται
1117 1626 1172 1686 καὶ
1192 1625 1319 1703 γίνεται
1342 1621 1402 1684 ἐπι-

220 1732 456 1814 ίομιγνομένων
478 1729 568 1816 δίκην
590 1729 786 1816 σφραγίδων.
832 1730 947 1818 Ὠσπερ
976 1731 1040 1817 γάρ
1071 1735 1207 1818 σφραγίς
1235 1731 1404 1796 ἐπικοινω-

254 1839 378 1926 νήσασα
411 1843 497 1927 κηρρῦ
525 1839 581 1904 τδν
613 1839 714 1904 τόπον
747 1839 898 1926 έποίησεν
933 1839 1011 1926 αὐτή
1041 1838 1117 1928 παρ’
1147 1839 1243 1932 ἑαυτῆ
1281 1839 1402 1927 ἡτισοῦν

255 1947 317 2036 [ἦν]
341 1945 499 2032 μένουσα,
522 1947 621 2024 οῦτως
642 1954 696 2012 καὶ
718 1947 754 2012 αἱ
777 1935 930 2033 δυνάμεις
942 1949 1230 2036 έπικοινωνήσασαι
1243 1952 1287 2014 τὰ
1303 1947 1402 2015 πάνοι

255 2055 490 2144 ἀπεργάζονται
510 2059 586 2142 γένη
610 2055 700 2145 ζηίων
722 2057 851 2144 ἀπειρα.
895 2060 1065 2139 Γεγονέναι
1082 2055 1140 2122 οόν
1155 2055 1221 2123 ἀπό
1241 2063 1299 2144 τῆς
1318 2053 1399 2142 πριό-

255 2189 307 2252 της
329 2165 509 2252 συνδρομῆς
530 2170 593 2230 τῶν
614 2169 709 2250 τριιῦν
731 2165 841 2252 ἀργοῦν
861 2165 1000 2252 μεγάλης
1023 2165 1202 2254 σφραγῖδος
1218 2166 1328 2244 ίδέαν,
1352 2161 1398 2229 οδ·

220 2273 358 2360 τορανδν
387 2277 441 2338 καὶ
461 2276 539 2360 γῆν,
572 2273 659 2352 είδος
689 2273 826 2357 ἔχουσαν
857 2273 1087 2362 παραπλήσιον
1116 2275 1219 2362 μήτρᾳ
1251 2273 1399 2362 ἀμφαίδι

255 2380 369 2472 έχοόση
390 2383 499 2466 μέσον.
545 2380 655 2457 Οῦτως
677 2378 712 2447 δὲ
736 2387 793 2446 καὶ
813 2382 869 2458 τοὶς
891 2381 1009 2459 λοιπός
1030 2382 1220 2460 έκτυπιόσεις
1236 2388 1303 2448 τιῦν
1322 2379 1397 2447 ποίν-

255 2511 319 2554 των
340 2487 580 2554 δκτετοπῶσθαι
610 2489 717 2573 ὥσπερ
747 2487 889 2572 οδρανδν
923 2495 978 2553 καί
1004 2493 1065 2577 γῆν
1094 2489 1199 2576 μήτρᾳ
1229 2489 1399 2578 παραπλη-

256 2601 354 2674 σίους.
395 2595 452 2661 Ἐκ
475 2597 511 2662 δὲ
534 2600 590 2662 τοῦ
612 2597 730 2674 ῦδατος
750 2600 915 2678 γεγονέναι
946 2603 1028 2684 φασί
1060 2599 1263 2684 πρωτόγονον
1294 2597 1396 2684 ἀργήν,

257 2707 378 2791 ἄνεμον
401 2706 547 2792 σφοδρδν
569 2710 624 2770 καί
645 2705 769 2792 ίοίβρον
791 2711 845 2770 καὶ
869 2705 973 2793 πόσης
993 2709 1145 2786 γενέσεως
1167 2709 1281 2784 αἴτιον,
1305 2711 1398 2793 βρασ-

217 2814 318 2900 Βυμόν
339 2836 409 2878 τινα
432 2819 487 2878 καί
509 2816 631 2900 κίνησιν
652 2811 865 2900 ἐργαζόμενον
885 2818 929 2900 τῷ
951 2812 1061 2901 κόσμῳ
1083 2814 1119 2878 ἐκ
1147 2817 1201 2902 τῆς
1229 2819 1295 2880 τῶν
1324 2811 1397 2878 ῦόά-

254 2945 317 2988 των
353 2921 513 3008 κινήσεως.
576 2924 700 2987 Τοῦτον
727 2920 763 2985 δὲ
793 2921 948 2986 ἐπιτελεῖν
980 2921 1066 2998 είδος
1103 2926 1267 3009 σορίγμαιι
1298 2923 1397 3009 δφεως

254 3028 502 3116 παραπλήσιον,
527 3030 637 3116 φέρων
660 3027 742 3093 ὅθεν
762 3025 803 3115 ήν
824 3027 843 3093 δ
867 3033 981 3115 φοριῦν
1009 3027 1027 3094 ό
1054 3027 1174 3115 κόσμος
1201 3029 1285 3116 πρδς
1315 3031 1394 3111 γένε

256 3157 306 3204 σιν
327 3136 414 3224 ὁρμᾷ
435 3135 573 3223 δργήσας
595 3135 638 3212 ὡς
658 3135 772 3223 μήτρα,
795 3139 850 3200 καὶ
871 3135 1022 3201 έντεῦθεν
1036 3135 1172 3202 θέλουσι
1189 3141 1392 3203 συνίστασθαι

255 3249 310 3334 τῆν
330 3250 392 3311 τῶν
411 3249 415 3329 Ι
436 3244 522 3314 ἅλων
542 3247 674 3326 γένεσιν.
722 3231 845 3310 Τοῦτον
874 3244 910 3309 δὲ
931 3246 1015 3311 είναι
1045 3251 1175 3331 πνεῦμα
1204 3245 1328 3332 ἀνέμου
1348 3245 1393 3310 λέ-

217 3360 345 3432 Βίγουσι
370 3352 489 3417 τέλειον
512 3352 593 3417 θεὸν
614 3351 650 3417 έκ
672 3357 724 3438 τῆς
746 3356 809 3416 τῶν
830 3350 959 3436 ήιδάτων
981 3357 1034 3417 καί
1056 3357 1109 3440 τῆς
1137 3359 1193 3420 τοῦ
1219 3355 1392 3442 πνεύματος

254 3459 390 3537 εδωδίας
412 3463 466 3524 καί
488 3459 593 3546 φωτός
614 3455 823 3547 λαμπηδόνος
849 3464 1031 3542 γεγονέναι,
1065 3467 1119 3527 καὶ
1147 3464 1230 3528 είναι
1259 3467 1390 3549 γέννημα

255 3567 390 3655 θηλείας
412 3573 506 3634 νοῦν·
527 3567 582 3632 τόν
604 3568 737 3633 ἄνωθεν
759 3571 927 3653 σπινθῆρα
950 3565 1033 3632 κάτω
1057 3566 1316 3655 ἀναμεμιγμένον
1341 3567 1389 3632 οῦν

254 3687 319 3752 τοῖς
347 3678 594 3763 περισυγκρίτοις
631 3676 777 3760 σώματος
811 3673 962 3740 σπεύδειν
1000 3677 1184 3762 έκφεόγειν,
1219 3677 1390 3764 ἐκφυγόντα

327 3804 371 3858 68.
395 3803 442 3856 καί
466 3798 551 3857 omC
703 3805 746 3858 60.
771 3803 856 3876 μένει]
879 3805 954 3874 μενεῖ
988 3800 1150 3874 Κοεμετοτ,
1180 3802 1226 3876 qui
1252 3803 1289 3858 ἱῑε
1317 3803 1386 3857 οῦτοι

255 3911 338 3967 supra
359 3913 385 3967 ρ.
401 3897 463 3958 266,
481 3895 517 3950 86
537 3891 730 3963 corrigendum
750 3909 813 3948 οιιε
833 3903 929 3947 comet
1037 3895 1081 3948 61.
1101 3893 1175 3966 τῷδε]
1193 3895 1229 3965 τῆ
1245 3895 1274 3949 δι’
1293 3891 1327 3949 C:
1341 3889 1387 3946 τόδε

255 3985 300 4044 Μι
320 3989 363 4042 ἰαί
380 3987 445 4060 τῷδε
464 3985 622 4058 θοαρετοιι
638 3983 704 4040 οῦτω
719 3985 750 4053 δή
763 3983 945 4058 Remmius:
966 3976 1038 4039 ιόδεί
1053 3983 1191 4057 Sauppius
1283 3989 1326 4041 65.
1346 3979 1386 4036 όιιλ

256 4077 440 4152 ίποκειμίνων
452 4075 632 4150 Βοτοτγιίιιει
652 4078 835 4152 ὑποκειμένων
854 4073 918 4132 CM
1010 4078 1054 4132 69.
1073 4078 1198 4132 κοινοῦται
1217 4075 1385 4150 Remmius:

255 4171 393 4225 κυκλοῦται
423 4167 489 4226 CM
614 4170 660 4224 71.
688 4167 771 4249 κηρῷ]
789 4165 918 4242 κίήρμῦ
1045 4167 1120 4239 αῦτή]
1139 4167 1243 4237 αῦτήῦ
1349 4165 1384 4220 77·

255 4257 298 4336 ήν]
317 4281 361 4317 om
389 4259 458 4319 CM
483 4260 651 4333 Βυτυτμίυτ
821 4265 866 4319 73.
893 4263 1048 4336 Ρεγονὲναι]
1069 4264 1183 4335 Ιῖγονιν
1205 4257 1227 4316 C
1348 4257 1384 4312 74.

254 4358 339 4428 ίδίαν]
359 4353 487 4412 είδίανῦ
631 4355 676 4410 74.
695 4355 740 4410 75.
761 4355 878 4428 οῦρανδν
894 4357 941 4411 καί
958 4355 1019 4429 γῆν]
1048 4355 1167 4428 ου’ρανοῦ
1190 4355 1237 4410 καί
1259 4353 1307 4430 γῆς
1323 4351 1384 4408 Ber·

256 4449 368 4519 ατηιίοτ
476 4447 520 4501 75.
539 4447 734 4518 παραπλήσιον]
752 4442 971 4518 παραπίησίανί)
1078 4446 1124 4502 79.
1144 4445 1247 4520 ἄνεμον
1263 4437 1383 4518 σφοδρὸν]
