3006 4976
233 311 295 379 146
339 298 473 398 (ρίιοι.
499 314 583 402 ιιι.)
707 321 801 378 um
822 321 856 394 v,
881 325 911 380 τ.

236 486 389 548 τουτέστιν
421 483 488 548 άπδ
517 488 572 549 τοὺ
600 489 760 571 μακαρίου
783 486 915 551 ἄνωθεν
935 484 1116 572 άνθροίπου
1137 487 1159 570 ἢ
1179 482 1378 570 δρχανθροί-

233 613 297 655 που
329 589 589 676 ῆἎδάμαντος,
623 593 666 668 ὥς
691 593 823 669 έκείνοις
853 591 953 670 δοκεῖ,
972 595 1227 678 κατηνέχθησαν
1248 587 1311 655 ὦδε
1332 591 1380 667 είς

235 698 370 782 πλάσμα
392 701 426 763 τδ
448 699 593 785 πήλινον,
616 706 671 764 ίνα
693 699 885 765 δουλεύσουσι
905 703 949 786 τῷ
970 700 1083 784 ταύτης
1102 703 1155 784 τῆς
1175 701 1300 774 κτίσεως
1321 697 1380 784 δη-

233 811 375 893 μιουργῷ
398 804 627 889 Ἱαλδαβοάθ,
657 809 728 894 θεῷ
755 810 894 894 τωρίνῳ,
918 804 1064 894 άριθμὺν
1085 804 1237 890 τετάρτῳ·
1276 804 1377 881 οὑτως

196 911 294 998 ιογδρ
315 913 370 978 τὺν
392 912 584 1000 δημιουργὸν
605 916 659 978 καί
680 916 804 1000 πατέρα
826 919 881 977 τοῦ
903 911 1008 976 ίδικοὺ
1028 912 1148 995 κόσμου
1169 911 1332 976 καλοῦσιν·

504 1084 508 1090 ,
698 1021 769 1100 Ἔχε
791 1018 827 1083 δέ
849 1019 972 1106 ῥάβδον
992 1020 1070 1102 μετὰ
1091 1023 1191 1106 χερσίΙ

390 1123 500 1210 καλήν,
523 1129 676 1212 χρυσείην,
704 1131 740 1216 τῇ
764 1126 794 1190 τ’
817 1126 947 1212 ἀνδρῶν
969 1127 1098 1210 ὄμματα
1119 1125 1229 1206 θέλγει

392 1227 439 1296 οἷν
460 1232 577 1309 ἐθέλει,
598 1233 669 1308 τοὺς
690 1233 722 1310 δ’
745 1231 819 1297 αὑτε
839 1239 894 1297 καὶ
915 1233 1101 1308 ὑπνώοντας
1121 1233 1240 1319 ἐγείρει.

237 1333 352 1415 Οὗτος,
384 1341 496 1424 φησίν,
523 1339 605 1402 ἐστίν
632 1339 650 1403 6
677 1343 730 1425 τῆς
752 1339 831 1426 ζωῆς
851 1347 906 1404 καὶ
926 1344 982 1405 τοὺ
1004 1341 1152 1406 θανάτου
1173 1339 1271 1423 μόνος
1292 1339 1376 1420 ἔχων

196 1445 392 1522 τοέξονσίαν.
448 1449 530 1532 Περί
557 1447 682 1524 τούτου,
715 1451 802 1533 φησί,
824 1451 1014 1533 γέγραπται·
1058 1453 1286 1531 Ποιμανετς
1306 1443 1376 1510 αὑ-

233 1553 319 1627 τοὺς
347 1551 391 1617 έν
423 1549 557 1640 ῥάβδῳ
592 1553 753 1640 σιδηρᾷ.
802 1553 839 1618 ‘0
861 1553 898 1618 δὲ
919 1555 1066 1641 ποιητής,
1089 1557 1188 1640 φησί,
1219 1556 1376 1638 κοσμῆσαι

203 1700 206 1708 ,
231 1657 425 1742 βουλόμενος
456 1659 491 1724 τὺ
518 1658 727 1746 άπερινόηισν
755 1664 808 1746 τῆς
836 1664 998 1746 μακαρίας
1026 1661 1152 1746 φάσεως
1181 1663 1236 1724 τοῦ
1265 1659 1374 1738 λόγον,

234 1763 272 1829 οὗ
290 1765 433 1852 σιδηρᾶν,
457 1765 542 1831 άλλά
559 1770 678 1853 χρυσῆν
699 1771 871 1856 περιέθηκε
892 1766 947 1854 τὴν
969 1766 1092 1854 ῥάβδον
1114 1766 1210 1854 αὑτηί.
1257 1765 1373 1846 Θέλγει

236 1873 271 1938 δὲ
292 1875 330 1938 τά
354 1874 482 1957 ὄμματα
503 1878 566 1939 τῶν
588 1879 716 1962 νεκρῶν,
749 1878 836 1961 φησί,
868 1875 940 1950 ωὑς
961 1872 994 1937 δ’
1016 1871 1091 1938 αὖτε
1111 1877 1166 1939 καί
1187 1872 1376 1950 ὑπνώοντας

197 1979 363 2065 ιὸέγείρει,
397 1981 468 2056 τοὺς
497 1980 746 2065 έξοπνισμένοος
773 1987 828 2046 καὶ
859 1973 1025 2062 γεγονὺτας
1056 1985 1243 2068 μνηστῆρας.
1293 1985 1375 2066 Περὶ

233 2087 358 2173 τούτων,
381 2090 486 2174 φησίν,
519 2088 670 2176 mmm>
691 2089 797 2170 λέγει·
834 2090 1004 2176 Ἕγειραι
1026 2088 1044 2154 6
1067 2088 1286 2154 καθεύδων
1305 2094 1375 2152 καί

234 2194 493 2282 ἐξεγέρθητι,
516 2201 583 2260 καὶ
601 2196 823 2283 ἐπιφαύσει
845 2213 907 2261 σοι
928 2197 1160 2284 ὑΧριστδς.·
1180 2191 1376 2272 Οὑτάςίσιιν

233 2300 418 2386 ὑΧριστός,
450 2301 526 2367 δέν
546 2307 636 2380 πᾶσι,
667 2307 753 2389 φησί,
784 2313 850 2379 τοῖς
869 2315 1007 2390 γενητοῖς
1027 2295 1096 2380 υίὸς
1118 2304 1299 2390 δνθράπου
1320 2327 1375 2366 κε-

233 2412 518 2496 χαρακτηρισμένος
545 2409 612 2475 άπδ
640 2413 696 2477 τοῦ
721 2410 989 2498 άχαρακοηρίσιον
1015 2411 1121 2491 λόγον.
1160 2415 1285 2498 Τοῦτο,
1308 2433 1374 2496 φη-

197 2519 298 2593 οοσίν,
331 2516 394 2580 aaa
423 2515 458 2581 τὸ
481 2519 564 2600 μέγα
586 2523 641 2581 καὶ
662 2518 800 2604 ἄρρητον
816 2515 1013 2583 Ἐλευσινίαν
1030 2518 1199 2605 μυστήριον
1220 2518 1264 2582 ὑε
1285 2519 1374 2584 κάε·

235 2629 289 2688 καί
311 2623 367 2702 ὑα,
391 2628 501 2711 φησίν,
525 2623 611 2713 αὑτῷ
632 2625 740 2690 πάντα
762 2621 986 2703 ὑποτέτακται,
1010 2629 1064 2688 καὶ
1084 2625 1162 2690 τοῦτ’
1184 2626 1248 2690 έσιί
1269 2626 1303 2691 οδ
1325 2626 1373 2690 εί-

234 2734 387 2818 ρημένον·
431 2733 502 2807 Είς
522 2736 658 2798 πᾶσαν
678 2733 746 2818 την
766 2735 839 2818 γῆν
858 2731 1037 2818 ἐξῆλθεν
1058 2731 1076 2797 6
1100 2734 1282 2819 φθόγγος
1303 2733 1375 2799 αδ-

233 2843 323 2903 τῶν·
357 2835 401 2914 ὑς
421 2837 455 2902 οδ
477 2839 551 2924 την
573 2837 728 2925 ῥάβδον
750 2839 841 2918 ἄγει
860 2837 1238 2926 κινησαςοἜρμῆς,
1267 2837 1309 2904 αἳ
1332 2840 1376 2905 δὲ

233 2943 445 3030 τρίζουσαι
472 2947 641 3010 έπονται
671 2941 707 3009 αἱ
736 2950 842 3033 ψυχαί
871 2950 1007 3028 συνεχῶς
1028 2945 1143 3024 οὑτως,
1177 2946 1221 3022 ὥς
1244 2945 1300 3012 διὰ
1321 2952 1378 3035 τῆς

195 3051 353 3126 εοείκδνος
373 3051 391 3114 6
413 3049 542 3136 ποιητὴς
561 3049 736 3130 έπιδέδειχε
756 3050 896 3138 λέγων·Ι

363 3155 406 3232 ὥς
428 3155 461 3221 δ’
483 3156 534 3220 ὅτε
554 3155 729 3244 νυκτερίδες
749 3160 839 3243 μυχῷ
862 3157 979 3244 ἄντρου
1000 3157 1185 3222 θεσπεσίοιο

361 3261 519 3350 τρίζουσαι
540 3265 715 3339 ποτέονται,
737 3263 807 3326 έπεί
828 3265 865 3326 κέ
885 3287 930 3338 τις
952 3261 1152 3351 άποπέσησιν

363 3369 515 3458 ὁρμαθοῦ
535 3369 572 3434 διι
592 3373 715 3456 πέτρης,
738 3367 804 3434 άνά
825 3368 853 3434 τ’
874 3369 1047 3459 άλληλησιν
1069 3371 1202 3451 ἔχονται.

202 3481 204 3484 ’
234 3480 404 3566 Πέτρης,
428 3480 521 3563 φησί,
545 3480 601 3542 τοῦ
619 3475 818 3559 Ἀδάμαντος
838 3476 930 3557 λέγει.
976 3472 1094 3555 Οὑτος,
1118 3479 1230 3562 φησίν,
1250 3474 1332 3538 ἐστὶν
1355 3473 1374 3538 6

198 3584 375 3669 nondam
396 3585 414 3649 6
438 3583 553 3660 λίθος
574 3582 592 3648 6
615 3583 910 3670 άκρογωνιατος
930 3584 988 3658 τίς
1009 3583 1197 3668 κεφαλὴν
1217 3603 1376 3666 γεγενη-

232 3697 354 3776 μένος
374 3692 533 3773 γωνίας,
556 3691 609 3776 (έν
630 3691 755 3781 κεφαλῇ
776 3691 838 3777 γὰρ
860 3689 942 3754 είναι
960 3689 1015 3754 mv
1028 3688 1306 3777 χαρακτηρισακὺν
1321 3687 1375 3768 έγ-

178 3817 182 3830 ·
233 3800 378 3886 κέφαλον
404 3800 460 3885 τὴν
481 3797 613 3875 οὐσίαν,
645 3798 681 3874 έξ
710 3793 749 3860 οὗ
771 3801 862 3861 πᾶσα
883 3796 1002 3882 πατριὰ
1025 3795 1295 3883 χαρακτηρίζεται)
1318 3795 1338 3860 ὑ
1344 3816 1374 3873 ν,
1483 3817 1489 3834 ·

233 3910 342 3994 φησίν,
372 3907 548 3971 έντάσσοι
578 3903 794 3988 ἀδάμαντα
815 3903 870 3979 τίς
891 3903 938 3966 τά
960 3902 1138 3985 θεμέλια
1160 3903 1283 3966 Σιών·
1313 3901 1375 3966 άλ-

230 4014 383 4102 ληγορῶν,
408 4017 494 4100 φησί,
517 4012 552 4077 τδ
574 4010 707 4094 πλάσμα
728 4013 784 4074 τοὺ
804 4007 985 4097 άνθροίπου
1009 4008 1100 4090 λέγει.
1144 4009 1181 4074 Ὁ
1204 4009 1241 4074 δὲ
1263 4010 1375 4073 έντασ-
1404 4057 1408 4064 .

302 4261 347 4314 62.
371 4260 569 4332 κατηνέχθησαν
593 4255 753 4328 Βοερετοιι
784 4257 989 4328 κατενεχθεισιὺν
1012 4254 1082 4312 GM
1197 4257 1241 4311 64.
1268 4254 1377 4310 Ἰσίδα-

230 4353 320 4422 βαιὺθ]
339 4350 474 4423 ἦσαλδαίηι
493 4348 515 4406 C
532 4347 562 4405 Μ
634 4348 746 4422 ἀριθμῷ
765 4344 787 4402 C
805 4345 834 4402 M
950 4349 994 4403 ⁶6.
1023 4351 1077 4421 ἔχει
1096 4344 1134 4410 C;
1161 4345 1196 4400 cs.
1215 4343 1298 4400 Hom.
1319 4343 1374 4400 Οδ.

230 4443 281 4507 24,
300 4443 328 4495 2·
444 4443 488 4498 68·
519 4438 565 4502 οὑς
588 4436 611 4494 C
724 4440 769 4492 70.
788 4439 831 4492 71.
850 4435 950 4491 Pulm.
968 4439 1000 4503 2,
1019 4439 1046 4492 9.
1164 4440 1209 4494 74.
1237 4439 1313 4510 φησι]
1339 4437 1378 4500 οἷς
