3050 4988
204 301 268 369 298
318 304 537 386 (p.20⁰.201.)
626 305 722 365 nunu
743 304 787 378 vl,
811 309 860 364 τε.
885 307 935 363 τυ.

168 487 198 538 ῖο
207 474 386 557 φαίνεσθαι
408 473 463 536 καί
485 493 560 535 ποτε
581 469 734 558 έρυθρόν,
752 469 795 545 τίς
810 468 916 535 δοκεῖν
930 469 1002 546 τούς
1014 467 1245 553 ἀπατωμένους
1254 469 1349 553 χάριν

205 579 275 642 τινά
297 581 439 644 κατιέναι
460 585 515 642 καί
535 577 700 665 αἱματώδη
729 577 868 662 δύναμιν
892 580 1044 666 παρέχειν
1070 582 1113 666 τῷ
1144 577 1275 658 πόματι.
1310 575 1347 641 Ὁ

206 685 242 750 δὲ
263 689 446 772 πανοῦργος
471 685 539 751 τότε
570 690 631 771 μὲν
659 684 799 762 πολλοὺς
829 685 945 764 ἔλαθε,
980 667 1051 751 νυνί
1080 686 1116 750 δέ
1147 686 1349 769 ἐλεγχόμενος

205 794 381 859 παύσεται·
403 795 576 880 φάρμακον
596 795 658 881 γάρ
680 817 708 858 τι
729 792 876 880 τοιαύτην
904 793 1086 878 δυνάμενον
1110 793 1214 881 χρόαν
1240 817 1349 880 παραυ

205 913 290 984 σχεῖν
311 901 480 988 λαθραίως
501 902 597 967 ένιάν
620 907 664 990 τῷ
685 901 856 988 κεράσματι
884 901 1022 966 έπιπολτ)
1054 901 1210 990 φλυαρῶν
1232 900 1349 985 οἰνόμε-

168 1026 268 1088 ῖονεν,
291 1009 379 1086 όπως
400 1013 454 1096 τῆς
475 1009 640 1097 ὑγρότητος
660 1008 841 1094 μεταλαβόν
862 1009 950 1101 λυθῇ
966 1012 1020 1073 καί
1039 1009 1196 1093 α’ναμιγέν
1210 1009 1347 1094 έπιχρω-

204 1122 271 1208 τίση
293 1118 328 1182 τό
349 1118 450 1201 πόμα.
499 1116 549 1181 Τά
572 1116 608 1181 δὲ
633 1115 798 1200 δυνάμενα
819 1120 909 1181 ταῦτα
931 1127 1108 1203 παρασχεῖν
1130 1117 1290 1204 φάρμακα
1311 1117 1347 1182 έν

204 1230 240 1317 τῇ
263 1226 343 1290 κατά
364 1227 477 1309 μάγων
497 1224 597 1312 βίβλῳ
619 1228 813 1310 προείπομεν
834 1223 1014 1308 έκδέμενοι,
1037 1222 1080 1300 ὥς
1101 1224 1240 1300 πολλοὺς
1261 1223 1347 1288 πλα-

205 1338 318 1410 νῶντες
340 1331 566 1419 άφανίζουσιν,
598 1331 643 1408 οίς
672 1333 702 1395 εί
734 1331 830 1418 φίλον
859 1331 1096 1419 περιεργότερον
1123 1337 1167 1419 τῷ
1192 1333 1346 1420 εἰρημένῳ

204 1451 442 1530 προσεπισχεῖν,
465 1443 602 1506 εἴσονται
620 1441 675 1526 την
697 1439 839 1526 Μάρκου
859 1439 996 1526 πλάνην.

166 1563 196 1614 όυ
291 1551 343 1616 40.
379 1551 438 1626 Ὃς
459 1553 513 1612 καί
542 1549 692 1635 ποτήριον
724 1546 909 1636 μικρότερον
937 1550 1055 1633 κιρνεόν
1084 1545 1193 1612 έόίδου
1221 1551 1348 1626 γυναικί

203 1657 413 1742 εὐχαριστεῖν,
437 1655 532 1733 αότδς
553 1655 715 1744 παρεστώς
735 1658 790 1719 καλ
819 1658 924 1741 έτερον
945 1657 1069 1741 κρατῶν
1090 1654 1212 1719 ἐκείνου
1240 1653 1347 1738 μεῖζον

204 1767 306 1843 κενόν,
328 1770 381 1829 καί
401 1763 664 1851 εὐχαριστησάσης
679 1767 732 1851 τῆς
746 1762 956 1849 άπατυιμένης
975 1761 1165 1853 όεξάΙμενος
1178 1763 1284 1844 έπέχει
1301 1763 1347 1838 είς

203 1875 258 1938 τόν
278 1872 382 1956 μείζω,
406 1877 460 1938 καί
481 1871 637 1948 πολλάκις
660 1870 853 1952 άντεπιχέιυν
883 1874 988 1954 ἕτερον
1008 1871 1055 1946 είς
1074 1873 1179 1956 έτερον
1200 1869 1346 1950 ἐπέλεγεν

205 1980 321 2057 οὕτως·
339 1981 383 2045 Ἡ
400 1983 476 2067 πρό
497 1982 575 2041 τῶν
597 1976 720 2053 ὅλων,
744 1977 791 2064 [ἡ]
813 1975 1062 2062 άνεννόητος
1083 1982 1151 2040 καί
1172 1977 1346 2063 άρρητος

167 2087 322 2172 οοχάρις
342 2086 554 2172 πληρώσαι
577 2102 647 2148 σου
669 2083 735 2148 τὸν
755 2084 827 2149 ἔσω
852 2086 1071 2171 ἄνθρωπον
1101 2087 1167 2147 καί
1188 2083 1345 2170 πληδό-

202 2217 268 2259 ναι
289 2194 332 2258 όν
355 2198 415 2258 σοί
436 2192 503 2278 τὴν
523 2194 669 2272 χνάσιν
697 2189 833 2278 αὐτῆς,
866 2191 1247 2278 έχκατασπείραυσα
1276 2194 1346 2259 τόν

203 2301 347 2367 κόκκον
369 2303 434 2365 τοῦ
457 2299 657 2375 σινάπεως
678 2301 733 2375 είς
753 2298 820 2383 τὴν
837 2295 995 2384 α’χαδην
1010 2304 1090 2384 γῆν.
1135 2303 1199 2363 Καὶ
1215 2303 1345 2364 τοιαῦτα

202 2409 273 2474 τινά
294 2408 435 2473 ἐπειπών
456 2411 510 2472 καὶ
531 2406 680 2492 διαστήσας
700 2404 756 2492 τήν
777 2427 808 2468 τε
830 2403 1043 2492 α’πατωμένην
1063 2411 1117 2471 καί
1131 2407 1204 2483 τούς
1218 2408 1345 2494 παρόν-

203 2539 259 2591 τας
280 2514 322 2590 ὡς
345 2515 588 2599 θαυματοποιός
609 2512 773 2598 ένομίζετο,
796 2516 852 2576 τοῦ
872 2511 1013 2596 μείζονος
1034 2519 1183 2602 ποτηρίου
1204 2516 1345 2600 πληρου·

165 2625 301 2705 ουμένου
322 2622 358 2686 έκ
378 2625 435 2687 τοῦ
455 2625 639 2708 μικροτέρου
663 2619 706 2696 ὡς
734 2624 788 2684 καὶ
811 2617 1021 2705 ὑπερχεῖσθαι
1043 2619 1229 2696 πλεονάζον.
1282 2623 1344 2684 Καὶ

202 2730 312 2794 τούτου
334 2728 370 2793 δὲ
394 2727 450 2814 τὴν
469 2733 578 2816 τέχνην
599 2727 716 2813 ὁμοίως
738 2729 774 2794 ἐν
801 2731 836 2818 τῇ
867 2731 1078 2819 προειρημένη
1108 2727 1208 2814 βίβλῳ
1230 2729 1343 2805 έξεδέ-

201 2841 292 2921 μεδα
314 2836 472 2913 δείξαντες
493 2836 624 2900 πλεῖστα
646 2835 804 2922 φάρμακα
827 2833 993 2918 δυνάμενα
1014 2837 1147 2920 αὔξησιν
1168 2844 1346 2919 παρασχεῖν
1386 2847 1389 2854 ’

202 2943 385 3026 έπεμιχέντα
408 2943 506 3018 οὕτως
526 2940 638 3029 ὑγραῖς
666 2941 805 3020 οδσίαις,
840 2942 981 3026 μάλιστα
1010 2947 1087 3028 οἴνῳ
1116 2943 1343 3028 κεκερασμένῳ,

202 3045 248 3114 ὦν
267 3053 301 3114 έν
321 3073 349 3113 τι
371 3049 546 3136 φάρμακον
567 3049 603 3114 έν
624 3055 668 3136 τῷ
689 3054 770 3137 κενῳ
791 3052 928 3136 ποτηρίῳ
951 3047 1090 3136 κρύβδην
1112 3049 1219 3124 ἔ...ος
1236 3093 1343 3113 .......

163 3167 306 3242 ῦόχρισ..
329 3156 372 3232 τίς
392 3155 493 3242 μηδὲν
514 3157 588 3238 ἔχον
609 3155 730 3234 δείξας,
752 3156 890 3238 ἐπιχέων
910 3156 946 3220 όκ
968 3179 1162 3221 τ
1185 3159 1239 3220 καί
1259 3154 1342 3220 ἐπα-

201 3267 335 3345 ναχέων,
359 3262 581 3346 α’ναλυομένου
600 3265 656 3326 τοῦ
679 3263 853 3349 φαρμάκου
875 3262 939 3328 ὑπὸ
960 3268 1014 3350 τῆς
1034 3267 1090 3328 τοῦ
1104 3261 1203 3350 ὑγροῦ
1217 3266 1340 3347 μίξεως,

201 3371 292 3446 ὄντος
313 3369 499 3457 φυσάόους,
530 3367 731 3453 πλεονασμὸς
760 3373 815 3434 τοῦ
842 3371 1037 3457 κεράσματος
1062 3370 1179 3450 έγίνετο
1207 3375 1261 3434 καί
1289 3369 1343 3434 έττί

200 3483 348 3544 τυσοῦτον
369 3479 520 3564 ηὔξανεν,
548 3476 581 3552 ές
610 3475 688 3541 ὅσον
714 3476 998 3561 ἐπαναχννόμενον
1027 3477 1175 3555 έκινεῖτο,
1201 3478 1344 3562 τοιαύτης

201 3587 296 3672 οὔσης
316 3588 369 3672 τῆς
389 3587 444 3649 τοῦ
468 3581 644 3671 φαρμάκου
666 3583 808 3670 φάσεως·
832 3585 850 3648 δ
871 3584 901 3647 εί
921 3583 1084 3649 άπόδοιτό
1098 3608 1143 3660 τις
1155 3584 1339 3671 πληρωθέν,

162 3711 192 3760 70
199 3695 265 3779 μετ’
288 3691 327 3758 οδ
349 3692 433 3758 πολι)
455 3693 501 3768 είς
521 3692 555 3757 τό
578 3693 659 3756 κατά
682 3692 780 3777 φύσιν
800 3694 914 3779 μέτρον
937 3690 1039 3756 πάλιν
1059 3693 1266 3779 τραπήσεται,
1289 3697 1342 3780 τῆς

199 3804 256 3865 τοῦ
275 3801 450 3886 φαρμάκου
472 3799 640 3884 δυνάμεως
661 3802 846 3884 σβεσθείσης
872 3802 908 3889 τῇ
938 3803 993 3864 τοῦ
1026 3797 1125 3886 όγροῦ
1157 3805 1341 3893 παραμονῇ.

199 3908 258 3972 Διό
279 3908 357 3992 μεταλ
383 3907 523 3994 σπουδῆς
554 3918 619 3984 τοῖς
651 3909 790 3990 παροῦσι
819 3905 1010 3993 προσεδίδου
1038 3911 1155 3984 πίνειν,
1187 3905 1220 3972 οἳ
1241 3908 1277 3973 δὲ
1299 3908 1342 3986 τός

199 4015 295 4079 θεῖόν
316 4039 344 4078 τι
366 4017 420 4077 καί
441 4017 513 4102 θεῷ
531 4014 778 4100 μεμελετημένον
809 4018 991 4100 φρίσσοντας
1019 4013 1089 4099 άμα
1111 4019 1165 4079 καί
1186 4015 1342 4081 σπεύδον-

197 4146 246 4198 τες
267 4121 388 4187 ἔπινον.

270 4282 316 4336 44.
336 4275 498 4352 λαθρὲωςῦ
630 4279 675 4336 45.
700 4274 897 4352 μεταβαλώνῦ
1022 4279 1066 4336 45.
1085 4281 1131 4336 46.
1157 4278 1341 4355 ίπιχωρίσηῦ

200 4373 245 4429 50.
263 4373 432 4444 μικρότερον]
450 4370 514 4440 παρ’
533 4369 619 4440 ἑτέρου
638 4368 660 4426 C
680 4368 711 4425 Μ
825 4370 942 4426 54-57.
962 4369 1041 4426 Ηεετ
1059 4371 1157 4427 iisdem
1168 4374 1257 4428 verbis
1268 4373 1340 4446 apud

205 4462 278 4519 lton.
299 4485 321 4519 ο.
341 4468 411 4519 luter.
437 4461 464 4531 l,
492 4463 533 4528 13,
552 4462 579 4516 2.
599 4479 626 4535 p.
646 4462 691 4516 61.
806 4463 850 4516 54.
873 4461 1069 4535 ἧάνεννόητος]
1095 4463 1248 4532 ἀνεννόητος
1273 4461 1342 4520 CM
