3050 4988
224 301 289 372 354
334 306 452 391 (μακε.
468 303 551 388 τοι.)
691 309 786 371 unna
809 311 865 383 vu,
891 315 940 372 ιο.

221 498 267 550 τις
287 472 369 540 οὖσα
391 473 502 554 οόσία,
532 477 677 561 φυσικῶν
706 473 934 562 όπηλλαγμένη
956 479 1117 558 στοιχείων
1137 471 1285 550 πόντων,
1308 469 1373 558 α’φε

184 578 270 654 οοῶν
293 581 311 646 ό
334 581 450 666 κόσμος
471 581 527 668 τήν
549 581 698 647 σόστασιν
727 582 808 664 ἔχει,
840 586 895 647 καί
923 583 1006 647 ἔστιν
1034 582 1113 668 αὕτη
1133 605 1179 657 ττς
1199 580 1219 668 ή
1241 584 1371 667 πέμπτη

221 689 303 754 κατὰ
324 691 379 754 τόν
397 687 618 776 Ἀριστοτέλην
639 688 734 756 οὐσία
738 739 750 768 ,
774 685 871 754 οἱονεί
893 688 987 755 οόσία
1001 713 1048 765 τις
1060 689 1280 775 όπερκόσμιος.
1303 693 1371 754 Καὶ

219 799 349 878 γέγονεν
371 793 457 884 αὐτῷ
479 797 561 860 κατιλ
583 797 639 883 τήν
661 796 816 883 διαίρεσιν
841 801 896 862 τοῦ
927 796 1050 882 κόσμου
1078 797 1171 862 καλό
1193 801 1246 884 τής
1270 795 1370 883 φιλο-

220 908 338 990 σοφίας
359 903 547 994 διῃρημένος
568 903 673 985 λόγος.
730 905 877 992 Φοσική
898 904 961 992 γάρ
988 928 1033 982 τις
1062 903 1258 990 ἀκρόασις
1278 902 1370 992 αὐτῷ

219 1017 359 1098 γέγονεν,
388 1012 425 1077 έν
447 1007 468 1104 ή
488 1011 665 1098 πεπόνηται
686 1017 759 1097 περί
779 1016 844 1077 τῶν
866 1014 960 1098 φύσει
981 1019 1036 1078 καί
1062 1011 1102 1078 οό
1124 1017 1262 1101 προνοίᾳ
1283 1012 1370 1077 όιοι-

183 1123 384 1205 οικουμένων
406 1119 475 1184 dm}
495 1123 551 1206 τής
572 1123 628 1206 γής
647 1121 740 1206 μέχρι
760 1123 814 1206 τής
836 1119 964 1207 σελήνης
985 1119 1192 1207 πραγμάτων.
1251 1123 1370 1200 Γέγονε

219 1228 256 1292 δὲ
278 1226 365 1314 αότήί
388 1231 441 1290 καί
462 1225 540 1310 μετὰ
562 1227 600 1290 τό
626 1227 746 1311 φυσικό
775 1231 849 1313 περί
869 1233 932 1292 τῶν
958 1231 1036 1310 μετὰ
1068 1227 1202 1314 σελήνην
1232 1227 1301 1292 ίδία
1322 1251 1370 1303 τις

219 1335 302 1422 ἄλλη
324 1333 422 1410 οὕτως
443 1333 685 1420 έπιγραφομένη
706 1337 906 1418 πραγματεία
937 1334 1058 1415 λόγων·
1089 1337 1199 1415 γέγονε
1221 1333 1257 1398 δὲ
1279 1332 1370 1421 αότηί

219 1448 307 1530 περί
327 1444 504 1527 πέμπτης
525 1439 662 1516 οὐσίας
683 1439 765 1516 ἴδιος
785 1439 896 1522 λόγος,
919 1441 955 1517 ός
975 1442 1059 1506 έσπν
1080 1440 1167 1529 αότῷ
1185 1441 1368 1525 θεολογοό-

217 1572 321 1635 μενος.
369 1545 509 1634 Τοιαύτη
530 1569 575 1624 τις
596 1551 650 1611 καὶ
671 1545 690 1633 ή
712 1545 864 1633 διαίρεσις
885 1552 948 1613 τόν
970 1548 1067 1626 όλων,
1090 1547 1134 1625 τίς
1161 1549 1250 1636 τόπῳ
1272 1571 1367 1634 περι-

181 1658 347 1740 ιολοιβείν,
378 1656 528 1744 [καὶτῆς]
558 1655 640 1718 κατὰ
658 1652 880 1742 Ἀριστοτέλην
908 1655 1113 1742 φιλοσοφίας.
1155 1654 1193 1719 ‘0
1215 1654 1252 1719 δέ
1273 1659 1367 1739 περί

218 1769 349 1854 ψυχῆς
371 1761 457 1852 αὐτῷ
479 1763 574 1843 λόγος
594 1762 678 1827 ἐστὶν
700 1760 840 1849 ἀσαφής.
892 1761 946 1827 Ἐν
972 1769 1051 1850 τρισί
1071 1763 1132 1850 γὰρ
1156 1761 1367 1854 συγγράμμαρ

218 1891 268 1940 σιν
289 1872 377 1948 όλοις
410 1869 468 1936 οόκ
496 1869 578 1935 ἔστιν
603 1871 706 1934 είπείν
735 1875 864 1956 σαφῶς,
892 1870 926 1949 ό,
953 1896 982 1935 τι
1011 1881 1127 1957 φρονεί
1145 1875 1218 1956 περί
1240 1872 1360 1959 ψυχήςή

210 1977 440 2068 Ἀριστοτέλης.
474 1976 535 2042 Ὃν
555 1977 617 2062 γὰρ
639 1974 820 2040 ἀποδίδωσι
840 1981 894 2064 τής
916 1981 1022 2064 ψυχῆς
1049 1977 1127 2064 όρον
1152 1977 1236 2042 ἔστιν
1261 1978 1365 2044 είπείν

218 2085 352 2173 ῥᾴδιον,
385 2086 420 2150 τό
450 2083 487 2148 δὲ
514 2082 579 2148 ὑπὸ
605 2082 683 2169 όρου
713 2082 935 2170 δεδηλωμένον
964 2085 1029 2150 έστλ
1049 2085 1243 2171 δυσεύρετον.
1280 2086 1365 2149 Ἔστι

182 2193 295 2282 ίίγδρ,
320 2195 415 2279 φησί,
437 2189 526 2277 ψυχή
549 2191 687 2274 φυσικοῦ
710 2190 854 2272 σοι’ματος
877 2190 1048 2278 ὀργανικοῦ
1069 2191 1261 2274 ἐντελέχεια,
1283 2193 1365 2278 ήτίς

218 2303 295 2366 ποτέ
316 2299 399 2376 έστι,
426 2295 532 2377 λόγων
555 2296 654 2384 [πάνυ
675 2297 819 2378 πολλῶν]
848 2297 948 2362 δεῖται
970 2303 1025 2362 καί
1044 2297 1181 2384 μεγάλης
1203 2296 1362 2384 ζητήσεως.

211 2406 249 2471 ‘0
272 2405 308 2471 δὲ
330 2405 424 2482 θεός,
447 2403 465 2468 ό
487 2405 617 2470 πόντων
638 2404 755 2469 τοότεον
777 2409 839 2469 τῶν
869 2406 970 2470 ὄντων
997 2405 1106 2470 καλῶν
1127 2407 1238 2482 αἴτιος,
1271 2399 1363 2479 οὗτος

215 2519 269 2600 τής
290 2516 397 2600 ψυχῆς
418 2511 481 2577 ἔστι
501 2515 556 2574 καί
576 2513 762 2596 μακροτέρῳ
784 2510 868 2598 λόγῳ
890 2514 1067 2596 θεωροῦντι
1092 2515 1280 2597 γνωσθῆναι
1299 2535 1362 2593 χοι-

216 2621 399 2708 λεπιότερος.
449 2616 487 2682 ‘0
510 2617 547 2682 δέ
567 2617 657 2704 ὅρος,
688 2617 727 2682 όν
751 2616 969 2704 Ἀριστοτέλης
996 2616 1176 2682 α’ποόίδωσι
1204 2623 1276 2704 περὶ
1304 2621 1361 2682 τοῦ

179 2731 315 2806 οὓθεοῦ,
345 2724 485 2808 χαλεπός
510 2729 570 2809 μὲν
602 2723 660 2790 οόκ
689 2724 752 2789 ἔστι
779 2727 981 2810 γνωσόήναι,
1016 2728 1176 2810 νοηθῆναι
1208 2724 1247 2789 δέ
1276 2725 1362 2790 έστιν

214 2835 389 2922 ἀμήχανος.
432 2831 586 2919 Νόησις
606 2831 697 2916 γάρ,
725 2834 840 2916 φησίν,
870 2831 949 2896 ἔστι
971 2830 1155 2917 νοήσεως,
1185 2832 1264 2915 ὅπερ
1296 2833 1359 2898 ἔστι

213 2941 422 3009 παντάπασιν
442 2937 501 3003 οὐκ
526 2938 576 3002 όν.
614 2937 650 3001 ‘0
664 2936 701 3001 δὲ
716 2937 833 3021 κόσμος
859 2939 1042 3024 ἄφθαρτος,
1062 2938 1166 3015 α’ίόιος
1179 2943 1259 3004 κατὰ
1271 2940 1359 3026 Ἀρι-

214 3047 360 3134 στοτέλην
380 3047 480 3110 ἐστίν·
504 3042 600 3110 οὐδέν
620 3047 683 3128 γὰρ
705 3044 768 3126 ἔχει
783 3042 961 3129 πλημμελὲς
977 3044 1013 3110 έν
1025 3042 1127 3134 αῠτῷ,
1151 3050 1289 3134 προνοίᾳ
1303 3050 1359 3110 καὶ

214 3154 310 3242 φύσει
332 3150 578 3240 κοβερνιόμενος.
636 3151 874 3237 Καταβέβλητωι
896 3149 932 3214 δὲ
958 3149 1176 3239 Ἀριστοτέλης
1197 3151 1236 3218 οιί
1256 3153 1360 3237 μόνον

177 3281 206 3330 τό
214 3267 287 3347 περί
308 3260 434 3347 φόσεως
455 3263 510 3323 καλ
531 3257 652 3342 κόσμου
674 3263 729 3322 καὶ
749 3261 904 3344 προνοίας
933 3263 987 3322 καί
1009 3262 1092 3324 θεοῦ
1115 3258 1243 3341 λόγους,
1270 3258 1358 3326 α’λλοό

212 3369 275 3454 γὰρ
296 3371 424 3449 γέγονεν
445 3364 533 3453 αότηί
554 3371 608 3430 καλ
628 3368 828 3451 πραγματεία
857 3365 962 3446 λόγων
988 3389 1034 3442 τις
1060 3365 1195 3452 ήόικῶν,
1221 3368 1359 3456 έπιγρό-

214 3499 270 3564 φει
292 3476 328 3542 δὲ
349 3479 449 3540 ταῦτα
478 3471 605 3560 ήθικδ
635 3472 786 3556 βιβλία,
818 3472 864 3537 δι’
886 3470 933 3538 ολν
959 3473 1138 3540 σπουδαίαν
1165 3475 1201 3540 ἐκ
1228 3476 1357 3562 φοόλοο

211 3585 245 3648 τό
268 3587 332 3648 τόν
352 3581 567 3668 ἀκροωμένων
587 3578 671 3667 ήθος
692 3579 862 3666 ἐργάζεται.
915 3581 989 3646 Ἐὰν
1011 3579 1096 3669 [οὖν]
1127 3582 1358 3671 όΒασιλείδης

79 3694 83 3700 ’
212 3689 331 3782 εὑρεθῇ
351 3690 396 3776 μή
417 3693 454 3782 τῇ
475 3688 610 3773 δυνάμει
631 3686 715 3780 μόνη
735 3685 821 3751 ἄλλα
849 3691 904 3750 καί
935 3700 998 3765 τοῖς
1028 3689 1136 3770 λόγοις
1164 3689 1272 3768 αὐτοῖς
1301 3697 1357 3756 καὶ

174 3808 276 3874 ίοτοῖς
296 3795 434 3880 ὀνόμασι
456 3797 496 3862 τοὶ
517 3799 573 3860 τοῦ
595 3793 836 3882 Ἀριστοτέλους
863 3793 1008 3879 δόγματα
1038 3798 1084 3874 είς
1112 3797 1167 3863 τόν
1195 3797 1358 3881 εδαγγελι-

211 3907 269 3971 κόν
290 3908 345 3970 καί
366 3905 519 3992 σωτήριον
536 3903 627 3992 ήμῶν
650 3902 747 3983 λόγον
767 3901 1066 3988 μεθαρμοζόμενος,
1092 3901 1260 3994 τίλείψει,
1282 3908 1356 3995 ήτδ

283 4182 328 4238 34.
346 4179 500 4251 πεπόνηται]
519 4184 658 4249 πεποίηται
675 4178 697 4237 C
714 4179 745 4238 M
852 4184 897 4237 40.
916 4183 963 4238 καί
982 4184 1024 4252 τῆς
1041 4181 1201 4256 Roeperus:
1221 4203 1266 4240 οιιι
1285 4182 1307 4241 C
1325 4183 1356 4241 M

210 4277 375 4347 φιλοσοφίας
405 4269 564 4344 Roeperus:
611 4276 792 4347 φιλοσοφῆσαι
824 4271 846 4329 C
871 4273 914 4342 M,
949 4277 996 4351 qui
1031 4279 1104 4333 coni.
1139 4279 1355 4351 φιλοσοφήσαντα

209 4369 254 4424 43.
270 4363 330 4443 Ὃν]
347 4360 399 4422 Ἠν
421 4363 494 4438 prC
620 4367 665 4422 44.
691 4368 737 4422 45.
763 4365 834 4422 Vide
862 4366 975 4425 Ατίείοί.
1005 4373 1036 4425 δε
1061 4375 1157 4427 Anium
1183 4370 1262 4438 11‚c.
1284 4373 1307 4426 1.
1327 4370 1358 4429 Μ

209 4460 254 4513 45.
271 4455 287 4526 ή
304 4457 351 4535 τίς]
370 4455 463 4526 &MC
570 4458 616 4513 46.
635 4459 814 4532 λόγονπάνυ
833 4461 948 4539 πολλῶν]
967 4467 1054 4538 λέγων
1071 4461 1105 4520 C:
1125 4465 1216 4538 λόγων
1232 4463 1276 4520 M:
1297 4463 1358 4524 Re-
