3056 4970
653 323 816 386 tttsrtrtttS.
1236 319 1299 388 221

160 489 305 552 uncum
333 493 365 550 st
386 486 489 551 omnia
512 485 674 569 perficiunt
697 505 737 554 cx
758 489 917 556 voluntate
938 489 1021 572 cius,
1050 491 1180 556 materni
1204 497 1342 558 autemst

160 599 288 660 maiman
318 591 427 658 Edem.
481 593 597 658 llorum
625 602 727 659 autam
750 595 931 678 augelorum
953 596 1043 662 simul
1066 597 1200 661 omnium
1223 595 1305 660 mul·

160 699 259 764 titudo
282 700 444 782 paradisus
466 706 523 784 est,
545 700 654 786 inquit,
676 700 716 766 da
739 719 801 784 quo
825 703 867 766 ait
893 702 1013 766 liesca:
1036 703 1201 768 ¹l'tontuoit
1230 705 1306 767 dcun
1353 779 1360 792 ς

158 810 341 890 porodisaan
370 809 404 870 in
429 807 538 872 uum
562 809 710 878 ementem
741 827 864 888 cerm,
899 809 961 874 boc
986 816 1035 874 est
1062 828 1172 874 versus
1194 811 1306 874 iaciam

161 915 269 999 Edem,
286 922 321 980 ut
341 921 461 997 spectat
481 915 654 997 paradisum
677 915 788 1000 Edem,
812 914 873 981 boc
897 923 945 980 ast
967 915 1113 1000 angelos,
1134 917 1166 978 in
1188 933 1305 998 perpa-

161 1032 256 1088 tuum.
301 1022 397 1088 liuius
425 1022 560 1106 paradisi
588 1022 757 1108 allegorice
784 1023 887 1108 angeli
910 1029 1060 1089 vocantur
1081 1022 1180 1104 ligna,
1206 1030 1237 1085 ct
1258 1027 1345 1090 estttt

161 1129 278 1214 lignum
301 1131 383 1194 sitae
412 1131 522 1194 tertius
549 1137 748 1212 paternorum
781 1130 985 1212 angelorum,
1016 1128 1155 1210 Baruob3
1190 1127 1307 1212 lignum

164 1245 265 1302 autem
295 1235 430 1302 babandi
463 1237 674 1321 cognitionem
702 1237 776 1302 boni
804 1248 836 1302 et
864 1238 935 1304 mali
963 1239 1072 1302 tertius
1099 1243 1308 1300 maternorum

163 1344 363 1430 angelorum,
404 1343 495 1410 Naar.
557 1343 602 1409 lta
635 1345 715 1410 enim
749 1345 791 1408 ait
819 1345 915 1410 Musis
946 1345 1044 1408 verba
1077 1341 1309 1424 interpretanda

164 1450 381 1516 medicans:
414 1451 691 1533 Circumloquendo
715 1470 753 1516 ca
776 1451 882 1515 extulit
900 1451 1014 1534 Moses,
1039 1452 1231 1532 quippacum
1245 1463 1308 1512 non

164 1576 274 1624 omues
296 1563 502 1640 assequantur
524 1561 695 1624 venulam.
751 1559 846 1624 Facto
869 1565 989 1642 autern,
1022 1556 1139 1639 inquit,
1163 1555 1347 1638 paradiaota

164 1683 205 1730 ex
222 1665 406 1748 complacito
430 1667 584 1730 communi
604 1664 723 1730 Elobim
754 1674 785 1729 ct
811 1666 923 1750 Edem,
951 1663 1071 1730 Elobim
1101 1664 1219 1748 angeli,
1252 1681 1309 1727 su-

164 1779 284 1836 mentes
307 1791 324 1835 a
347 1771 550 1854 pulcherrima
573 1780 667 1854 terra,
688 1771 750 1836 boc
774 1778 822 1836 est
843 1789 906 1836 non
921 1790 939 1835 a
957 1771 1080 1836 bestiali
1096 1777 1183 1854 parte
1202 1769 1308 1847 Edam,

164 1877 221 1942 aad
254 1897 295 1942 cx
328 1879 465 1960 partibus
495 1897 588 1961 supra
617 1881 743 1963 inguina
772 1880 886 1943 bonini
914 1879 1063 1944 similibus
1094 1885 1125 1942 ct
1155 1877 1310 1942 cicuribus

165 1991 270 2050 terrm
290 1984 405 2050 iaciant
426 1986 592 2051 bominem.
637 1987 685 2051 Ex
705 1986 885 2052 bestialibus
907 1996 1009 2052 autam
1031 1986 1179 2070 partibus,
1203 1987 1311 2067 inquit,

165 2093 333 2177 gignuntur
354 2093 475 2159 baedae
498 2094 668 2176 etreliqua
700 2094 851 2160 animalia.
900 2095 1060 2158 Hominem
1091 2093 1186 2177 igitur
1221 2093 1349 2161 teca-ao

164 2207 235 2264 runt
257 2199 430 2282 axemplum
452 2201 576 2264 unitatis
598 2219 674 2265 suaa
696 2208 728 2266 at
749 2203 884 2266 caritads
907 2209 939 2266 ct
961 2200 1121 2283 deponunt
1133 2218 1206 2264 suas
1220 2208 1311 2264 utar·

166 2324 227 2388 tpua
248 2312 419 2388 potestates
440 2307 472 2370 in
495 2323 554 2391 co,
576 2315 608 2371 at
626 2307 725 2372 Edam
746 2309 871 2390 quidam
893 2309 1044 2392 animum,
1066 2307 1184 2372 Eiobim
1208 2314 1309 2372 autem

165 2411 313 2494 spiritum.
364 2411 404 2478 Et
432 2413 536 2478 axistd
564 2413 625 2478 boc
646 2421 791 2497 unquam
813 2414 945 2499 sigillum
969 2413 1121 2497 quoddam
1144 2421 1175 2478 et
1197 2416 1310 2478 amoris

166 2520 383 2584 monimentum
412 2527 445 2584 at
473 2520 646 2604 exemplum
673 2529 833 2586 aeternum
865 2522 1037 2604 nuptiarum
1059 2521 1157 2585 Edam
1178 2528 1210 2586 st
1231 2521 1311 2586 Elo-

164 2625 236 2708 bim,
259 2626 371 2711 bomo,
393 2628 446 2709 qui
468 2634 516 2690 ast
535 2626 643 2693 Adam.
690 2628 805 2692 Pariter
828 2635 928 2692 autam
953 2629 1043 2692 etiam
1064 2627 1129 2692 Eva
1151 2626 1231 2692 iacta
1254 2636 1348 2711 catto

164 2735 279 2819 inquit,
300 2743 335 2800 ut
354 2735 500 2816 scriptun
523 2742 572 2800 ast
591 2735 689 2819 blosi,
712 2735 815 2818 imago
839 2741 871 2798 ct
893 2733 1086 2816 exemplum,
1118 2733 1251 2816 sigilium
1280 2735 1311 2796 in

164 2848 345 2922 perpetuum
377 2841 613 2907 custodientium
636 2841 715 2906 illius
738 2840 846 2904 Edem.
895 2840 1107 2922 Depositaqua
1130 2847 1178 2904 cst
1197 2840 1313 2922 pariter

166 2948 256 3012 atium
278 2949 309 3011 in
330 2947 404 3032 lisa,
426 2949 570 3031 imagine,
593 2950 691 3014 anima
714 2947 837 3031 quidam
859 2947 898 3013 ab
912 2946 963 3012 illa
986 2946 1093 3031 Edam,
1115 2945 1239 3028 spiritus
1255 2964 1313 3010 au-

165 3061 227 3116 tem
251 3053 289 3116 ab
310 3053 447 3139 lilobim,
470 3062 499 3118 ot
523 3054 594 3120 data
614 3063 684 3120 sunt
707 3057 854 3137 imparata
875 3053 935 3118 iis:
968 3054 1132 3136 Aupmini
1154 3062 1186 3116 ct
1206 3054 1313 3116 mubi-

162 3161 325 3242 plicamini
346 3169 378 3224 at
409 3163 562 3226 cortiniai
593 3170 718 3241 terram
755 3161 816 3227 boc
844 3168 892 3226 est
924 3159 1038 3241 lidum,
1069 3161 1115 3225 sic
1145 3162 1225 3224 cuim
1250 3159 1349 3224 vultto

166 3269 312 3350 scriptum
346 3286 427 3336 csse.
480 3267 609 3334 Omnem
637 3271 718 3334 enim
749 3275 933 3352 potestatem
961 3285 1049 3332 suam
1078 3273 1222 3349 tauquam
1255 3265 1334 3355 ali-¹

167 3391 258 3455 want
282 3374 384 3438 dotem
406 3376 438 3439 iu
461 3375 575 3457 nuptiis
597 3374 694 3439 Edem
718 3375 814 3440 attulit
837 3374 966 3441 Elobim.
1010 3374 1109 3458 Unde,
1131 3373 1236 3456 inquit,
1258 3391 1314 3455 per

166 3480 364 3544 imitationem
391 3482 555 3563 primarum
583 3481 703 3546 illarum
726 3484 897 3564 nuptiarum
920 3481 1024 3545 dolam
1047 3481 1177 3544 adierunt
1199 3479 1313 3544 bodie·

167 3605 229 3668 pue
260 3587 405 3652 mulianas
435 3588 508 3652 viris
541 3588 663 3652 divinae
692 3589 812 3653 cuidam
842 3596 873 3652 ct
903 3589 1022 3670 patriae
1048 3587 1113 3672 lapi
1135 3588 1313 3669 obsecutae,

168 3687 248 3776 quae
268 3693 320 3756 lex
351 3694 468 3759 sancita
501 3703 551 3760 cst
574 3697 657 3760 inter
685 3695 782 3760 Edem
816 3703 848 3784 ct
867 3693 996 3759 lilcbim.
1042 3693 1180 3760 Conditis
1211 3703 1350 3764 autamtu

169 3800 319 3886 omnibus,
342 3809 375 3865 ut
396 3801 542 3884 scriptum
567 3808 615 3868 cst
636 3801 718 3885 apud
741 3801 862 3885 ldoscn,
890 3808 922 3863 ct
943 3799 1032 3866 caelo
1054 3807 1086 3864 at
1107 3806 1192 3865 terra
1214 3807 1245 3864 at
1266 3803 1313 3885 iis,

108 3947 114 3952 -
167 3923 248 3988 quae
272 3907 303 3970 in
327 3908 373 3970 eis
395 3910 517 3992 insunt,
550 3909 583 3972 in
611 3917 756 3991 quattuor
781 3909 908 3990 imperia
937 3908 1025 3972 divisi
1051 3915 1121 3972 sunt
1148 3907 1312 3974 duodecim

167 4076 490 4154 94.nsacapcnulpiscss
604 4079 701 4133 93τῶ
700 4078 858 4151 rainulphi
860 4077 959 4152 etsta
1074 4069 1334 4146 331333133οΜ

168 4169 478 4241 Μὴὸναμντόνῦ
603 4168 936 4245 ὓήώεφλαχθημνοςῦ
1067 4165 1310 4314 13.13ι.υίΜοι.

168 4265 265 4330 1,33
293 4263 368 4328 Aridi
368 4269 487 4319 νκεσθι
488 4263 805 4332 ιε3ν3νι3πληθεσθικα
785 4261 1127 4334 nrcsiinpcuscrrisripraero
1192 4259 1314 4330 mip-

169 4357 402 4424 mairiam.
419 4359 444 4411 t.
563 4351 1007 4428 t't.dctpnvlbiainCod.bi
1120 4279 1189 4403 33.ω
1196 4347 1311 4422 corpu

169 4445 334 4506 Scottum
269 4467 297 4504 a.
317 4448 386 4522 ἀρχῇ
404 4444 427 4503 C
448 4445 476 4504 Μ
