3002 4958
386 300 623 359 concutientis,
646 301 811 365 OhUlDAE.
835 305 1015 367 hustootts,
1231 307 1273 370 ti

128 467 275 540 unquam
299 463 448 526 victorem
471 465 557 547 helli,
586 466 670 548 quod
692 475 739 531 est
761 470 791 531 in
815 487 962 553 corpore,
988 473 1193 536 Brachmanae
1216 491 1273 555 pro

129 564 235 628 divino
260 570 385 632 numine
406 580 601 636 venerantur.
648 573 793 639 Oalanum
816 585 916 641 autem
940 579 1144 661 insectantur,
1169 580 1275 660 utqui

130 679 255 752 praeter
281 673 327 738 las
350 676 517 741 desciverit
539 699 556 742 a
580 679 772 762 philosophia
796 701 862 747 sua.
907 684 1054 766 Deposito
1075 692 1175 748 autom
1198 704 1276 748 cor-

128 795 209 860 pore
232 777 440 846 Brachmanes
462 791 604 867 tanquam
627 807 668 850 ex
687 807 764 871 aqua
789 788 968 852 exsilientes
990 793 1092 872 pisces
1115 794 1274 871 inpurum

129 894 235 948 aerem
259 891 478 971 conspicantur
498 893 606 958 solem.
1284 915 1314 966 ao

227 995 379 1080 Druidae,
419 1000 471 1079 qui
506 1007 578 1062 sunt
607 1001 637 1062 in
672 999 782 1082 Celtic,
816 999 1032 1084 Pythagoreas
1061 1003 1275 1085 philosophiae

130 1119 251 1164 summo
275 1104 377 1166 studio
392 1113 471 1168 'sese
494 1105 692 1190 dediderunt,
723 1115 883 1188 postquam
907 1110 944 1173 ils
968 1117 1075 1173 auctor
1097 1110 1186 1173 huius
1209 1109 1275 1174 dis-

131 1207 268 1287 ciplinae
290 1212 388 1274 extitit
411 1213 579 1294 Zamolxis,
609 1217 660 1296 qui
682 1232 791 1278 servus
822 1215 878 1278 luit
912 1216 1122 1300 Pythagorae,
1157 1235 1275 1298 genere

132 1313 246 1378 Thrax.
305 1317 363 1392 Qui
399 1337 468 1382 cum
494 1320 779 1405 post-Pythagorae
810 1322 924 1385 ohitum
953 1339 992 1386 eo
1020 1341 1055 1386 se
1085 1323 1274 1405 contulisset,

133 1428 245 1487 auctor
267 1423 326 1486 illis
350 1423 438 1489 huius
460 1425 673 1507 philosophiae
697 1429 805 1490 extitit.
849 1429 913 1491 llos
937 1428 1042 1492 Celtae
1063 1450 1121 1511 pro
1136 1431 1314 1511 prophe-at

132 1532 174 1592 tis
196 1537 227 1592 et
248 1530 419 1596 futurorum
442 1533 561 1598 vatibus
584 1533 714 1618 hahent,
748 1535 997 1615 quandoquidem
1028 1555 1068 1598 ox
1097 1536 1222 1600 calculis
1247 1542 1279 1597 et

134 1641 271 1702 numeris
305 1658 345 1702 ex
367 1647 434 1702 arto
468 1638 672 1723 Pythagorica
704 1644 906 1706 vaticinantur
932 1645 1099 1727 quaedam,
1130 1644 1217 1706 cuius
1247 1649 1279 1703 et

131 1746 229 1827 ipsius
252 1747 326 1808 artis
349 1749 414 1810 vias
437 1765 500 1810 non
522 1749 689 1832 silebimus,
713 1751 856 1830 quoniam
880 1756 911 1811 et
931 1767 971 1811 ox
994 1749 1039 1812 his
1061 1749 1211 1813 haereses
1226 1751 1277 1811 in-

132 1851 251 1913 ducere
272 1851 396 1931 quidam
420 1856 523 1917 conati
544 1862 623 1918 sunt.
669 1855 800 1918 Utuntur
823 1861 922 1918 autem
935 1854 1071 1917 Druidae
1094 1856 1185 1918 ctiam
1208 1872 1277 1916 ma-

135 1960 214 2040 gicis
237 1959 362 2023 artibus.
1285 1969 1315 2020 to

221 2065 376 2131 llesiodus
398 2075 499 2131 autem
534 2075 624 2150 potita
654 2078 686 2132 et
712 2070 779 2149 ipso
801 2067 841 2131 de
871 2069 1040 2132 naturalia
1064 2087 1099 2132 se
1122 2068 1195 2132 dicit
1216 2085 1276 2130 au-

138 2171 253 2238 divisse
276 2195 292 2238 a
316 2165 417 2238 Musis.
468 2176 794 2240 lovisautemlllusas
818 2165 999 2242 esseillius.
1052 2177 1171 2249 Novem
1196 2176 1276 2236 enim

135 2287 244 2344 noctes
267 2282 410 2344 simulet
433 2282 499 2346 dies
521 2301 577 2363 per
600 2273 846 2364 exsuperantiam
869 2284 1019 2365 cupidinis
1033 2301 1111 2345 cum
1126 2285 1276 2362 perpetuo

134 2387 249 2471 iupiter
271 2409 339 2453 cum
363 2390 563 2472 llncmosyna
585 2390 819 2473 concubuisset,
843 2408 954 2452 novem
977 2389 1032 2452 has
1048 2390 1276 2470 hlnemosynam

137 2499 320 2578 concepisse
342 2515 404 2560 uno
428 2505 526 2581 utero,
549 2498 677 2580 singulis
703 2497 782 2559 enim
806 2497 947 2560 noctibus
968 2495 1152 2576 concepisse
1175 2506 1316 2556 unamsa

137 2601 298 2682 Postquam
322 2604 414 2686 igitur
435 2623 547 2668 novem
570 2606 672 2668 llusas
695 2605 850 2666 invocavit
872 2621 912 2668 ex
934 2603 1046 2683 Pieria,
1078 2599 1139 2661 hoc
1170 2605 1218 2660 est
1240 2599 1278 2660 ah

138 2708 285 2793 Olympo,
308 2718 341 2774 ut
363 2727 434 2776 sese
458 2711 630 2774 edocerent
651 2709 766 2786 oravit,

224 2930 258 2986 st
279 2924 316 2987 ah
340 2923 426 2988 initio
450 2921 490 2986 dii
514 2931 545 2985 et
566 2928 647 2984 terra
672 2919 828 2982 extiterint

182 3029 324 3092 Ethuvii
347 3036 379 3091 et
401 3047 484 3093 mare
506 3031 686 3092 immensum
710 3039 892 3106 voragoque
915 3023 1006 3084 maris

182 3134 357 3216 Stellaeque
379 3136 569 3200 collucentes
593 3143 624 3198 ot
646 3131 764 3194 caelum
788 3136 905 3190 vastum
928 3143 1079 3209 superno,
1291 3140 1320 3188 to

183 3242 284 3324 thue
308 3242 427 3306 divilias
450 3243 677 3324 dispertiverint
689 3241 769 3301 inter
784 3254 819 3299 sn
834 3242 866 3298 et
878 3241 911 3297 nt
924 3251 1049 3297 munera
1064 3230 1281 3310 distribuerint,

181 3349 219 3414 Et
242 3357 274 3414 ut
296 3349 334 3412 ah
357 3352 444 3415 initio
467 3351 653 3430 multiiugem
678 3343 896 3424 occupaverint
918 3340 1086 3422 Olympum

215 3455 367 3520 ..llaec
390 3456 477 3540 mihi,
501 3457 620 3536 Musae,
643 3453 755 3532 inquit,
780 3448 870 3510 dicite

184 3561 211 3625 Α
235 3565 384 3646 principio
409 3570 441 3625 et
465 3561 576 3624 deinde
599 3559 672 3641 quid
695 3555 817 3621 tandem
841 3553 968 3635 primum
993 3549 1128 3615 extiterit
1152 3564 1269 3610 corum

183 3667 278 3752 lgitur
302 3672 434 3733 omnium
457 3669 584 3749 primum
608 3665 710 3729 Chaos
726 3662 846 3740 extitit,
869 3675 975 3722 verum
999 3662 1107 3738 postea
1290 3669 1319 3718 aa

182 3775 285 3838 'lellus
307 3775 370 3839 late
391 3781 516 3858 patens,
542 3775 674 3837 omnium
696 3770 790 3833 sedes
810 3769 935 3832 immota
958 3779 1083 3843 semper

183 3878 413 3966 Immortalium,
437 3883 488 3962 qui
512 3880 652 3944 obtinent
674 3893 821 3940 cacumen
845 3873 944 3937 nivosi
968 3870 1103 3953 Olympi,

143 4155 193 4210 loe
212 4172 306 4229 seqq„
334 4157 382 4212 ubi
407 4159 491 4213 multa
518 4153 570 4213 slis
590 4155 620 4212 Μ
746 4155 789 4210 52.
813 4154 948 4208 aarum
974 4148 1015 4204 O·
1044 4145 1178 4203 λιπτόινια
1203 4139 1282 4196 BT:

139 4245 316 4314 hurismL
388 4249 474 4304 5³st
452 4271 488 4312 ως
505 4251 528 4304 s’
551 4252 652 4320 ἄφενος
669 4245 786 4302 Hesiod.
807 4243 913 4314 Theop.
931 4241 1020 4298 atla
1073 4239 1186 4293 dducam
1197 4215 1303 4288 Codd
1334 4291 1337 4302 ,

141 4341 185 4392 57.
204 4341 287 4394 tneo
308 4337 498 4412 Roeperusp.
518 4344 584 4396 632·
603 4344 688 4396 insum
706 4337 801 4406 vulgo:
827 4337 873 4390 sal
890 4333 978 4389 ιῐιιιιθι
1005 4330 1043 4386 ὅτι
1060 4329 1165 4398 npumv
1182 4321 1284 4376 Hesio-

138 4429 189 4483 dus
284 4432 327 4484 59.
346 4433 414 4502 κάρη
431 4433 573 4488 Hesiodus
661 4429 786 4502 vspdvsac
802 4427 883 4496 vulgo
