3006 4976
629 305 807 366 naasssttt.
1219 305 1280 371 13³

137 475 296 534 auctorem
316 475 495 550 serpentem
518 471 679 536 celebrare
702 490 758 553 per
780 471 927 555 quasdam
950 473 1044 554 ipsius
1065 472 1212 536 instinctu
1226 475 1279 536 in-

136 582 247 640 ventas
276 575 437 641 dictiones.
487 575 583 662 Igitur
611 581 792 644 sacerdotes
816 585 846 644 et
868 581 1019 644 antistites
1043 579 1195 662 dogmatis
1218 599 1279 644 ex·
1305 665 1308 672 Ι

138 684 376 766 damnamini
399 685 452 767 qui
473 685 624 750 Naesseni
646 694 813 767 vocantur,
848 687 953 770 lingua
980 685 1131 750 Hebraico
1154 688 1197 750 ita
1220 705 1279 768 ap-

137 791 306 875 11οο60-
328 809 405 856 naas
427 800 527 856 autem
551 811 678 876 serpens
700 799 829 858 vocatur
852 813 911 872 -3
942 795 1070 876 posthac
1094 801 1195 858 autem
1218 812 1278 858 co*

136 900 396 983 gnominaveruut
416 913 490 962 sese
511 902 688 984 gnosticos,
720 901 859 964 dicentes
882 919 917 964 se
940 900 1024 964 solos
1045 901 1196 982 protunda
1219 919 1317 972 co-ao

135 1007 223 1089 gnita
250 1005 373 1070 hebere.
440 1009 467 1070 Α
499 1007 611 1088 quibus
640 1009 772 1092 digressi
803 1008 886 1071 multi
916 1006 1109 1070 multitariam
1138 1007 1280 1071 iecerunt

136 1111 291 1194 haeresin,
314 1129 394 1196 ques
418 1119 466 1176 ast
488 1131 559 1196 una,
583 1114 713 1180 diversis
737 1115 891 1198 dogmatis
914 1113 1022 1178 eadem
1046 1115 1218 1196 tradentes,
1246 1119 1279 1176 ut

138 1226 247 1301 arguet
277 1218 483 1301 psogsediens
515 1239 628 1284 sermo.
680 1222 716 1286 tn
739 1223 950 1285 universarum
972 1240 1076 1285 rerum
1098 1223 1277 1314 principium

137 1325 299 1390 catedram
320 1325 475 1390 hominem
499 1335 530 1392 et
557 1326 689 1392 eundem
712 1317 811 1392 'fitium
833 1328 974 1392 hominis.
1029 1329 1082 1392 Est
1105 1336 1207 1391 eutem
1229 1328 1279 1391 hic

138 1432 230 1496 homo
253 1434 422 1498 masidam
446 1441 478 1498 et
498 1435 628 1520 fantino,
662 1443 790 1499 vocatur
820 1445 920 1500 autem
944 1435 1078 1499 Adamas
1101 1435 1181 1516 apud
1205 1452 1318 1514 eos3en

138 1539 245 1628 hymni
268 1549 370 1604 autem
393 1540 465 1605 iacti
487 1550 558 1607 sunt
581 1529 613 1605 in
635 1560 705 1606 eum
729 1543 812 1606 multi
841 1550 872 1606 et
895 1544 979 1606 varii.
1034 1543 1143 1624 Hymni
1168 1549 1278 1627 autem,

138 1655 174 1710 ut
197 1647 304 1730 paucis
327 1647 549 1733 deiungamur‚
584 1649 830 1731 dicunturapud
852 1667 908 1714 eos
930 1652 961 1712 iu
984 1649 1066 1712 hunc
1088 1649 1185 1712 terme
1207 1669 1278 1714 mo-

139 1751 228 1815 dum:
259 1754 286 1818 A
308 1761 337 1816 te
355 1764 447 1836 poter
469 1763 500 1818 et
517 1775 575 1837 par
596 1765 624 1818 tc
641 1765 754 1834 mater,
777 1757 837 1819 duo
859 1759 1044 1820 immortalia
1066 1757 1201 1840 nominc,
1223 1775 1280 1820 oc-

137 1879 246 1924 ocrsm
271 1869 373 1941 cumr,
404 1865 482 1926 oiois
509 1865 603 1946 coeti,
632 1865 744 1945 incute
767 1865 866 1930 domo'.
917 1864 1062 1927 dividunt
1085 1870 1185 1927 autem
1209 1882 1279 1926 eum

139 1975 173 2031 nt
196 1968 369 2052 Geryonem
392 1971 548 2034 tritariam.
592 1971 646 2034 Est
668 1973 749 2034 enim
772 1970 880 2056 huius,
911 1978 944 2033 ut
968 1974 1069 2054 aiunt,
1093 1971 1201 2052 partim
1224 1982 1319 2034 ra-to
1438 2015 1444 2020 -

137 2077 272 2161 ticuaie,
295 2079 401 2158 partim
426 2079 569 2162 animate,
599 2079 707 2160 partim
731 2077 885 2163 choicum,
916 2085 949 2141 et
970 2084 1099 2141 censent
1121 2079 1281 2162 cognitio-

137 2201 209 2248 nem
233 2185 299 2248 eius
315 2172 393 2248 'esse
415 2185 531 2248 initium
554 2186 741 2268 cognitionis
764 2185 831 2263 dei;
861 2203 928 2248 cum
949 2184 1131 2248 dicuntsic:
1157 2185 1281 2248 Initium
1319 2203 1322 2210 ’

134 2289 338 2372 pcrlmdcnis
358 2299 408 2354 cst
425 2293 559 2373 cognitio
582 2293 728 2369 hominm,
763 2294 813 2354 dci
839 2300 938 2354 notem
961 2293 1096 2373 cognitio
1118 2299 1165 2355 est
1185 2293 1279 2355 odam

139 2397 205 2461 nco
222 2398 384 2479 perfectio.
428 2399 513 2462 Haec
536 2406 638 2462 autem
662 2400 774 2483 omnia,
797 2399 903 2482 inquit,
924 2399 1084 2462 sationalia
1109 2407 1139 2462 et
1159 2399 1279 2462 anima-

138 2505 179 2568 tia
190 2512 223 2568 et
244 2505 353 2570 choica
377 2514 538 2570 cesserunt
561 2511 592 2569 et
614 2506 807 2570 devenerunt
829 2506 860 2568 in
884 2523 977 2568 unum
1000 2506 1156 2570 hominem
1178 2507 1318 2590 simut‚ts

138 2663 232 2736 ἀρχήν,
250 2663 295 2718 τὸν
315 2663 396 2718 cinis
413 2663 460 2718 soi
477 2663 538 2718 ctio
557 2661 704 2736 ἀνθρώπου
723 2672 817 2734 aperte
836 2664 990 2735 perscripta
1016 2671 1071 2727 eat,
1091 2661 1165 2717 huno
1190 2671 1280 2716 autem

138 2755 230 2811 iocum
249 2773 344 2810 manus
364 2757 433 2811 mate
453 2757 548 2811 sedula
568 2755 740 2826 glossematis
755 2756 914 2827 inquinavit,
932 2754 1017 2810 veluti
1034 2755 1085 2808 nir
1098 2755 1280 2809 ἄλλωνὰπάν-

137 2857 191 2903 nur'
206 2849 314 2904 videtur
333 2859 422 2904 ortum
442 2866 513 2914 esne,
533 2858 678 2921 postquam
697 2849 748 2901 τῶν
766 2845 836 2901 ὅλων
855 2847 884 2901 in
902 2848 953 2900 niu
972 2849 1060 2901 ditur
1075 2846 1155 2911 abiit.
1185 2843 1281 2900 noer-

139 2943 208 2999 nasit
223 2941 392 3014 Bernayains
407 2942 461 3014 (ep.
473 2943 533 2996 crit.
547 2941 581 2996 nd
593 2939 783 3014 Baneenium),
806 2957 867 2994 cum
884 2939 1009 2994 coniicit:
1030 2931 1107 2994 οὗτοι
1125 2939 1176 2992 τῶν
1194 2939 1281 2993 ἄλλων

138 3035 263 3090 ἁπάντων
280 3037 425 3108 nantonmi
438 3034 508 3107 cingi
518 3035 591 3107 idygu
600 3034 693 3106 τιμῶσι
703 3051 726 3088 κ.
734 3053 753 3086 τ.
761 3035 784 3087 t.
879 3033 922 3086 61.
944 3031 1070 3105 Ἀδάμας]
1090 3029 1145 3086 cn.
1166 3029 1238 3086 luen.
1256 3051 1280 3087 c.

143 3127 217 3182 haer.
237 3125 266 3194 1,
283 3129 335 3192 29,
354 3127 381 3182 3.
400 3143 427 3198 p.
448 3126 509 3182 108.
550 3129 712 3196 Commota
729 3121 860 3198 igitatr'sic
879 3129 1002 3192 caunites,
1021 3145 1097 3196 supa
1115 3128 1179 3180 doec
1197 3131 1283 3180 emittit

140 3223 282 3292 detegente
299 3222 425 3274 donem
440 3223 582 3291 pnsectam
596 3230 619 3272 et
629 3239 724 3284 mna,
745 3238 817 3288 mens
829 3229 852 3272 et
866 3219 1035 3272 Adamantem
1046 3229 1144 3283 nocant,
1163 3223 1282 3288 gannim

138 3329 219 3384 neque
240 3318 296 3386 ipae
321 3315 436 3368 donantes
461 3323 510 3378 est,
539 3331 618 3382 acque
635 3315 656 3365 ii
674 3331 706 3366 en
724 3313 813 3380 quitus
830 3323 886 3364 eret
904 3349 911 3363 .
928 3347 935 3364 .
951 3347 979 3364 ..
1016 3307 1185 3364 Theodoret.
1205 3310 1281 3364 haer.

139 3403 194 3460 tat.
217 3407 239 3469 t,
261 3404 303 3458 13.
340 3399 424 3458 Pintia
443 3401 555 3474 Sophia,
573 3401 668 3457 Latine
689 3402 732 3456 ed.
753 3399 847 3457 Berol.
865 3400 942 3456 1851.
962 3403 1056 3473 put:
1083 3421 1190 3474 magnas
1207 3407 1283 3458 Ado-

139 3515 195 3552 nea
213 3495 242 3568 (1.
261 3494 405 3568 Adamas),
431 3495 650 3567 τύραννοςρ.
669 3494 715 3550 88.
734 3494 769 3549 89
790 3502 818 3547 et
835 3493 945 3564 passim.
1071 3495 1115 3547 62.
1146 3492 1283 3566 itiyorC
1319 3511 1326 3522 “

140 3589 185 3643 62.
204 3605 264 3661 sqq.
302 3583 359 3642 cn.
378 3585 450 3642 lren.
469 3604 494 3642 c.
517 3585 592 3642 haer.
612 3587 631 3640 1.
651 3586 669 3640 1.
695 3623 701 3639 .
723 3623 730 3639 .
750 3623 758 3640 .
778 3597 802 3640 ct
818 3590 973 3657 resaigcrcat
990 3590 1020 3640 in
1037 3589 1085 3640 dcc
1104 3591 1191 3641 omnia
1209 3591 1283 3658 tym-

138 3683 228 3734 etam
252 3695 371 3752 flegmata
394 3680 493 3734 Asana.
547 3681 615 3733 Hinc
639 3691 724 3734 cutm
745 3682 833 3732 &aaut
855 3682 1045 3745 manifestatam
1068 3681 1193 3744 Matrem,
1230 3682 1283 3734 Pn-

138 3785 215 3837 m,
247 3773 342 3825 Fadium
363 3809 371 3824 .
391 3807 426 3824 ..
525 3771 570 3825 63.
589 3771 684 3843 πατὴρ]
702 3765 838 3842 ndacii:
869 3769 920 3822 eir.
940 3769 1010 3823 inira
1029 3770 1048 3822 1.
1069 3766 1132 3824 vttt
1153 3787 1176 3824 c.
1196 3771 1235 3826 12.
1255 3789 1282 3842 p.

139 3864 203 3926 269,
220 3864 265 3917 40.
286 3862 329 3916 ed.
350 3859 440 3918 Onon.
477 3859 545 3928 Asina
568 3861 666 3934 μήτηρ,
692 3859 754 3929 αὕτη
777 3861 875 3934 πατήρ,
897 3861 928 3914 τὰ
944 3859 994 3914 dia
1014 3861 1137 3916 iiddom
1156 3861 1284 3936 ὀνόματα.

139 3957 184 4011 66.
202 3957 303 4028 ysaia?
416 3957 460 4010 66.
481 3955 627 4027 Γηρυόνην]
665 3951 707 4009 Gi.
719 3954 789 4010 inira
809 3973 832 4009 c.
846 3955 873 4010 8.
893 3971 919 4026 p.
937 3955 995 4019 107,
1015 3955 1059 4009 69.
1072 3941 1176 4010 tidsed.
1192 3953 1281 4010 Onon.

136 4049 184 4104 69.
203 4045 341 4102 Lacunam
360 4046 479 4118 explevit
497 4044 527 4101 11
545 4063 580 4101 ex
598 4064 622 4101 o.
640 4047 668 4104 8.
688 4063 715 4118 p.
737 4047 796 4112 115,
816 4047 933 4104 80-86.
955 4046 998 4100 ed.
1018 4044 1109 4103 Oxou.
1136 4047 1283 4120 Ἀρχὴγὰρ,

140 4143 230 4212 φησίν,
248 4137 402 4199 mundusne
418 4139 518 4211 γνῶσις
536 4137 697 4213 ἀνθρώπων·
714 4141 781 4194 θεοῦ
798 4141 828 4194 δὲ
845 4141 945 4212 γνῶσις
963 4140 1138 4212 ἀπηρτισμένη
1148 4145 1283 4202 τελείωσις.

138 4235 184 4290 71.
203 4233 248 4288 72.
265 4232 396 4304 κεχώρηκε
405 4229 574 4306 Bernnysine
593 4233 642 4288 el.
662 4231 698 4288 11.
716 4250 739 4287 c.
759 4235 785 4287 9.
804 4250 831 4303 p.
845 4233 907 4297 314,
928 4233 954 4286 7.
975 4232 1019 4286 ed.
1037 4229 1140 4286 0xon.:
1162 4232 1283 4304 actigui-

137 4343 199 4400 gna
217 4323 255 4382 C=
282 4325 445 4400 κατεχύρησι
462 4325 492 4382 Μ
562 4326 737 4394 κατελὴλνθεν
752 4326 798 4394 εἰς]
824 4343 871 4378 κατ
871 4359 1152 4379 ...........
1174 4320 1208 4376 C:
1235 4343 1283 4376 κα-

137 4421 233 4488 τῆλθεν
250 4421 287 4482 εἰς
304 4416 335 4474 M
