3050 4988
672 340 859 401 ansuinus.
1266 337 1330 404 375

185 501 274 564 minis
297 502 431 568 calcatus
461 503 702 586 comprehendat
733 508 848 591 omnia,
883 525 1014 588 eamque
1049 507 1089 571 ob
1122 527 1246 573 causam
1270 527 1330 573 an-

186 625 257 670 num
292 581 418 672 totidem
457 610 524 674 dias
558 609 846 698 comprehenderet:
882 622 1043 696 postquam
1075 615 1189 700 igitur,
1224 615 1329 699 inquit,
1340 629 1369 678 te

186 716 265 781 baec
294 718 324 780 in
354 717 434 782 hunc
468 720 592 783 modum
626 719 705 784 iacta
736 727 824 805 sunt,
860 723 1024 802 oportebat
1051 722 1180 802 posthac
1210 730 1242 786 ct
1272 723 1331 788 de-

186 824 370 889 formitatem
393 827 424 890 in
453 833 559 891 nostra
590 827 682 912 plaga
710 827 873 892 illuminari
905 836 937 892 ct
970 829 1084 893 biictati
1114 831 1145 893 in
1180 830 1331 896 deformi·

186 938 250 996 tate
272 931 399 997 relictae
421 939 564 1015 tanquam
594 934 753 999 abortivae
784 935 918 1000 revelari
941 939 1137 1020 mysterium,
1167 939 1249 1020 quod
1272 956 1330 1002 su-

185 1040 358 1123 perioribus
380 1043 632 1125 generationibus
655 1061 719 1107 non
741 1043 888 1127 innotuit,
918 1047 997 1108 sicut
1018 1046 1164 1126 scriptum
1188 1052 1249 1131 est,
1281 1047 1331 1110 in-

185 1148 265 1230 quit:
301 1149 475 1212 Secundam
504 1151 725 1216 revelationem
757 1161 859 1215 natum
888 1153 962 1216 mild
990 1151 1108 1232 factam
1139 1160 1187 1216 ert
1214 1156 1368 1236 myrto-⁵⁰

183 1257 278 1334 mum,
304 1263 350 1319 et:
374 1258 487 1321 dedici
508 1275 628 1322 arcano
649 1259 762 1338 cerba,
796 1277 876 1341 quoe
903 1279 965 1324 aaa
989 1262 1061 1324 lieet
1094 1261 1208 1324 homini
1237 1262 1330 1344 loqui.

184 1363 317 1427 Devenit
339 1364 432 1449 igitur
464 1364 502 1428 ab
535 1363 731 1430 hebdomade
760 1366 879 1449 iumen,
908 1368 989 1450 quod
1021 1367 1180 1432 descendit
1211 1369 1248 1431 ab
1271 1385 1331 1450 og·

185 1469 286 1536 doade
310 1470 445 1553 desuper
468 1473 504 1535 ad
528 1471 619 1536 hlium
646 1471 862 1559 hebdomadis,
894 1474 932 1537 ad
959 1474 1059 1540 lesum
1087 1475 1179 1540 titium
1204 1475 1330 1559 Mariae,

184 1585 215 1642 et
236 1578 420 1642 illuminatus
450 1587 498 1642 ast
526 1599 587 1644 una
616 1581 762 1646 incensus
795 1600 863 1645 cum
894 1581 1025 1668 lumine,
1057 1583 1140 1664 quod
1170 1583 1269 1647 illuxit
1298 1585 1328 1648 in

184 1705 263 1751 eum.
315 1687 399 1769 Hoc,
426 1689 539 1770 inquit,
569 1694 632 1772 est,
668 1687 752 1771 quod
789 1688 899 1752 dictum
937 1697 999 1752 est:
1035 1691 1172 1772 Spiritus
1203 1697 1367 1754 ramberte

181 1796 429 1876 miperoenietin
452 1803 498 1880 te,
530 1793 590 1858 hoc
622 1799 685 1870 est,
717 1794 768 1859 ille
801 1797 853 1877 qui
878 1815 895 1860 a
918 1795 1042 1860 filietate
1072 1815 1128 1879 per
1159 1799 1329 1862 contermi-

182 1920 254 1966 num
276 1903 412 1983 spiritum
437 1901 475 1965 ad
500 1902 676 1987 ogdoadem
701 1911 732 1967 et
760 1901 982 1967 hebdomadem
1013 1903 1138 1968 devenit
1170 1906 1327 1987 usquead

182 2010 323 2095 Manum,
354 2019 385 2073 et
405 2011 504 2074 cir-tar
526 2011 668 2074 altissimi
691 2009 885 2074 obumbrabit
912 2011 986 2095 tibi,
1020 2011 1081 2075 hoc
1112 2019 1159 2075 est
1191 2018 1328 2094 potestas

183 2119 335 2182 unctionis
356 2135 373 2180 a
396 2119 555 2181 cacumine
588 2115 723 2200 desuper
750 2136 808 2200 per
837 2118 1027 2202 demiurgum
1050 2137 1149 2200 usque
1173 2119 1212 2183 ad
1235 2138 1328 2185 crea-

182 2231 299 2301 turam,
336 2224 419 2306 quod
450 2230 498 2288 est
534 2224 572 2288 ad
605 2225 706 2288 litium.
765 2224 810 2288 Eo
844 2243 944 2307 usque
976 2234 1077 2290 autem
1108 2226 1150 2289 ait
1183 2233 1366 2292 constareao

183 2333 328 2396 mundum
349 2334 380 2395 in
405 2333 486 2396 hunc
508 2332 651 2416 modurn,
679 2349 841 2414 quousque
873 2333 971 2395 omnis
1003 2331 1132 2416 filietas,
1161 2351 1242 2416 quae
1271 2353 1327 2398 re-

181 2439 252 2504 licta
276 2441 316 2503 sit
346 2439 383 2504 ad
411 2439 668 2504 benefaciendum
701 2439 809 2502 animis
840 2438 871 2502 in
902 2438 1096 2504 deformitate
1119 2445 1150 2502 et
1172 2441 1328 2518 benepa-

181 2547 327 2628 tiendum‚
340 2546 533 2610 conformata
551 2555 657 2610 secuta
673 2547 712 2612 sit
725 2546 825 2610 iesum
844 2553 875 2609 ct
891 2546 1039 2610 escendat
1063 2554 1094 2610 et
1117 2546 1220 2610 veniat
1238 2562 1327 2608 cmc-

182 2655 295 2733 culata3
326 2660 358 2716 ct
386 2653 419 2716 lit
448 2653 662 2737 subtilissima,
697 2660 729 2716 ut
756 2654 854 2736 possit
884 2673 941 2736 per
972 2671 1007 2717 se
1042 2655 1217 2718 escendere
1249 2653 1328 2716 sicut

181 2761 288 2844 prima.
333 2761 460 2826 Omnem
486 2763 566 2824 enim
590 2760 683 2824 hahet
705 2766 889 2842 potestatem
920 2762 950 2823 in
977 2779 1069 2825 unum
1105 2767 1244 2826 coactam
1266 2769 1365 2823 na-et

180 2870 318 2934 turaliter
340 2887 408 2932 curn
429 2868 552 2951 iumine,
575 2867 659 2950 quod
680 2867 777 2931 iiiuxit
799 2867 934 2950 desuper
956 2868 1112 2931 deorsum.

267 2976 320 3041 27.
375 2976 449 3040 Cum
482 2976 575 3058 igitur
605 2978 744 3061 venerit,
779 2977 891 3060 inquit,
927 2976 1026 3040 omnis
1059 2973 1169 3038 filietas
1204 2981 1236 3038 ct
1269 2973 1328 3036 crit

181 3104 274 3168 super
290 3085 321 3149 id
345 3084 427 3167 quod
451 3085 674 3148 conterminum
698 3091 761 3165 est,
784 3083 844 3147 hoc
867 3090 914 3148 est
937 3084 1089 3168 spiritum,
1117 3090 1179 3147 tum
1202 3081 1327 3145 miseri·

181 3193 318 3257 cordiam
343 3193 520 3274 experietur
543 3199 699 3270 creatura3
723 3193 818 3274 gemit
840 3192 920 3254 enim
944 3189 1043 3254 adhuc
1070 3196 1101 3254 et
1132 3190 1327 3252 excruciatur

180 3309 211 3364 et
233 3308 337 3363 manet
357 3299 580 3362 revelationem
603 3297 732 3361 fitiorum
758 3297 823 3381 dei,
850 3305 884 3362 ut
915 3314 1022 3360 omnes
1054 3295 1225 3360 escendunt
1254 3294 1364 3358 binoto

179 3408 312 3472 filietatis
330 3406 479 3470 homines.
502 3406 665 3488 Postquam
677 3403 844 3488 igitur.hcc
857 3405 1046 3489 iactumarit,
1063 3403 1204 3488 adducet,
1219 3403 1326 3485 inquit,

180 3514 258 3579 deus
279 3516 310 3577 in
331 3516 507 3578 universum
531 3512 675 3576 mundum
699 3529 839 3594 magnam
863 3513 1085 3596 ignorantiam,
1119 3517 1153 3574 ut
1182 3517 1326 3574 maneant

179 3622 282 3685 omnia
311 3620 480 3685 secundum
515 3627 671 3702 naturam,
704 3636 764 3682 nec
801 3618 965 3701 quidquam
999 3625 1123 3700 appetat
1152 3636 1208 3702 ea,
1245 3635 1325 3700 quae

179 3737 250 3792 sunt
272 3736 379 3790 contra
402 3735 551 3793 naturam.
597 3727 710 3789 Verum
734 3728 816 3790 anim
845 3743 952 3788 omnes
982 3725 1101 3789 animae
1131 3723 1219 3788 huius
1247 3742 1324 3809 gra-

177 3925 330 3982 cararioraC
421 3923 542 4001 apiacam]
561 3924 606 3980 An
621 3928 774 3999 χρίσεωςῖε
799 3923 933 3996 ὀγδοάδος
952 3919 1185 3996 amphitapete!
1278 3925 1322 3979 62.

177 4020 223 4074 dud
241 4017 296 4094 aad]
316 4019 360 4072 aad
378 4015 400 4074 C
418 4017 448 4074 Μ
466 4017 623 4073 Bunaeniua
696 4019 740 4074 64.
758 4019 854 4090 μέχρις
872 4008 915 4088 ad]
933 4018 1016 4092 μέχρι
1033 4035 1081 4071 σου
1103 4014 1125 4072 G
1205 4018 1323 4072 71-73.

177 4110 220 4167 Cf.
240 4109 320 4166 Rom.
333 4113 360 4176 8,
378 4112 420 4165 19.
431 4113 476 4164 22.
496 4111 510 4178 ἢ
528 4113 583 4184 γὰρ
601 4111 806 4184 ἀποκαραδοκία
828 4111 870 4178 τῆς
894 4113 999 4171 κτίσεως
1021 4109 1066 4177 τὴν
1085 4108 1255 4178 ἀποκάλυψιν
1271 4111 1323 4164 τῶν

176 4203 243 4257 vicia
260 4203 305 4256 τοῦ
323 4204 389 4256 θεοῦ
406 4201 575 4275 ἀπεκδέχεται
674 4203 787 4275 οἴδαμεν
814 4201 867 4273 γὰρ
892 4199 930 4254 ὅτι
952 4201 1025 4254 πᾶσα
1043 4199 1058 4266 ἦ
1076 4203 1157 4261 ariam
1178 4199 1324 4262 comaediae

175 4296 221 4349 arci
239 4295 379 4349 caralim
397 4295 462 4367 ἄχρι
479 4296 523 4348 rori
541 4295 599 4349 νῦν.
715 4295 760 4349 74.
780 4289 828 4347 adr
846 4310 889 4346 om
903 4291 924 4347 C
936 4291 966 4348 Μ
977 4291 1132 4347 Bnaecnius
1222 4289 1321 4368 ludier]

174 4387 281 4449 lucifer
304 4383 327 4441 C
442 4388 486 4442 75.
510 4387 578 4462 pelag
602 4383 787 4448 Uhihorniue,
811 4381 979 4456 Rernapsius
1003 4392 1032 4439 et
1055 4381 1230 4448 Bunsenius,
1256 4383 1321 4440 call.

174 4479 224 4534 lin.
244 4479 293 4535 te:
311 4479 349 4552 μὴ
367 4477 404 4534 C:
421 4471 438 4553 ᾖ
457 4478 487 4535 bt
602 4481 646 4534 76.
662 4479 706 4533 77.
724 4475 803 4531 traci
821 4473 882 4550 (ric)
902 4475 924 4532 C
941 4477 970 4530 iu
990 4475 1044 4530 tina
1062 4491 1166 4529 venus.
1184 4470 1214 4528 hi
