3050 4988
205 323 269 390 310
318 323 449 408 (μου.)
608 324 702 385 ιιοτο
723 323 770 397 τι,
793 327 844 383 ιι.
868 325 919 382 44.

209 490 303 556 Θέλω
326 491 367 578 δή
388 508 437 556 σοι
465 495 520 554 καί
547 488 646 577 αδιήν
672 487 830 566 ἐπιδείξαι
862 489 918 577 τήν
948 487 1179 576 δλήθειαν·
1213 485 1352 574 κατήγα-

205 620 264 680 γον
283 599 345 686 γάρ
368 599 466 685 αὐτήν
486 598 522 662 ίκ
544 601 607 663 τάν
627 596 772 685 ύπορθον
796 595 968 680 δωμάτων,
988 603 1043 662 ίνα
1065 596 1135 688 ίδης
1157 593 1256 682 αὐτήν
1271 615 1352 677 γυμ-

169 706 266 792 Βίνήν
286 711 341 770 καί
362 705 555 795 καταμάθης
577 703 674 792 αύτής
694 706 729 768 τό
751 703 887 783 κάλλος,
911 703 997 769 α’λλοί
1020 709 1074 768 καί
1096 701 1236 794 ἀκούσης
1256 699 1353 787 αδτής

206 811 365 900 λαλούσης
385 818 439 878 καὶ
461 811 638 904 θαυμάσης
657 810 692 875 ιδ
714 810 867 899 φρόνημα
889 809 994 898 αὐτῆς.
1031 809 1113 897 Ὀρα
1129 806 1351 897 ούνκεφαλήν,

207 931 320 1013 φησίν,
355 929 424 993 ἄνω
445 927 479 991 τδ
501 933 630 1015 πρῶτον
649 927 793 1013 ἄλφα·
768 953 810 1005 ω,
842 926 999 1015 τράχηλον
1028 949 1063 990 το
1053 923 1122 990 δὲ
1144 929 1225 1032 Q,
1246 925 1353 1008 ὤμους

210 1040 294 1127 [οἶμα
303 1044 403 1130 χερσὶ]
415 1067 463 1126 γχ,
475 1045 576 1132 στήθη
588 1043 730 1130 δίλταφ,
744 1039 962 1130 [δια]φρα’γμα
973 1063 1018 1120 ου,
1041 1041 1167 1107 κοιλίαν
1181 1041 1221 1119 ζτ,
1241 1040 1354 1148 αίδο-ία

205 1173 262 1242 ησ,
283 1159 403 1244 μηρούς
423 1164 485 1247 θρ,
512 1157 632 1239 γύναια
653 1183 706 1238 ιπ,
729 1160 851 1244 κνήμας
872 1180 926 1236 κο,
957 1158 1066 1244 σφυρά
1088 1157 1144 1237 λξ,
1172 1155 1280 1232 πόδας
1300 1177 1352 1240 μν.

169 1269 354 1330 οοΤουτίσιι
375 1267 409 1330 τό
432 1270 525 1350 σῶμα
545 1270 599 1352 τής
620 1267 700 1330 κατά
721 1266 776 1331 τόν
798 1264 941 1353 Μάρκον
961 1264 1182 1351 ἀληθείας,
1205 1268 1295 1330 τοῦτο
1316 1263 1351 1328 τδ

206 1377 312 1458 σχῆμα
339 1377 394 1438 τού
416 1377 584 1459 στοιχείου,
613 1369 704 1449 ούτυς
724 1373 742 1438 δ
765 1374 923 1459 χαρακτήρ
951 1377 1006 1436 τοῦ
1039 1372 1232 1458 γράμματος·
1291 1374 1354 1435 Καὶ

206 1479 300 1544 καλοί
325 1481 360 1545 τό
387 1492 539 1564 στοιχείον
565 1484 657 1546 τοῦτο
689 1482 932 1568 ἄνθρωπον·
968 1479 1053 1544 είναί
1084 1503 1116 1544 τε
1143 1479 1247 1566 πηγήν
1276 1497 1354 1566 φησι

207 1586 327 1663 παντδς
348 1587 463 1670 λόγου,
493 1593 547 1652 καί
568 1585 670 1674 α’ρχήν
689 1589 795 1674 πάσης
823 1592 934 1674 φωνῆς
939 1636 951 1666 ,
987 1591 1041 1650 καὶ
1069 1587 1190 1663 παντός
1216 1585 1355 1673 α’ρρήτου

208 1691 313 1780 ῥῆσιν,
336 1700 390 1758 καί
411 1699 464 1781 τῆς
484 1698 691 1782 σιωπωμένης
712 1699 825 1782 σιγής
847 1693 959 1778 στόμα.
1008 1699 1072 1758 Καὶ
1092 1697 1182 1758 τούτο
1204 1693 1238 1758 τό
1261 1697 1354 1776 σῶμα

170 1799 312 1886 οοαύτής.
352 1803 401 1867 Σι)
418 1802 453 1866 δὲ
465 1802 635 1889 μετάρσιον
656 1802 779 1889 ἐγείρας
791 1807 844 1888 τῆς
857 1801 1006 1877 διανοίας
1017 1800 1133 1887 νόημα,
1155 1809 1210 1866 τόν
1229 1800 1354 1889 [σύτο]-

205 1908 377 1995 γεννήιορα
408 1915 462 1973 καί
490 1909 711 1996 πατροδότορα
740 1909 836 1991 λόγον
865 1907 932 1973 άπὸ
961 1908 1124 1992 στομάτων
1157 1907 1355 1995 ἀληθείας

206 2035 313 2078 ακουο.

294 2121 346 2183 45.
393 2120 505 2182 Ταῦτα
526 2116 562 2182 δὲ
583 2117 695 2204 ταύτης
716 2118 881 2205 είπούσης,
911 2117 1168 2206 προσβλέψασαν
1196 2113 1279 2204 αίτηί
1299 2115 1356 2202 τήν

207 2219 412 2309 άλήθειαν
433 2228 488 2289 καί
509 2223 688 2303 άνοίξασαν
708 2223 743 2288 τό
766 2224 866 2309 στόμα
886 2224 1025 2312 λαλῆσαι
1047 2224 1153 2306 λόγον,
1175 2223 1231 2289 τὸν
1244 2222 1281 2288 δὲ
1297 2222 1356 2288 λύ-

204 2428 339 2514 τρακτύν
366 2430 483 2496 ελπείν·
519 2433 607 2497 Θόαν
633 2430 672 2518 δή
702 2447 752 2496 σοι
785 2435 840 2496 καί
867 2429 966 2518 αύιήν
993 2431 1151 2510 λπιδείξαι
1175 2431 1231 2518 τήν
1260 2429 1355 2518 άλή-

206 2540 344 2602 θοιαν·
371 2539 551 2626 κατήγαγον
580 2542 642 2628 γάρ
675 2537 773 2626 αὐτήν
799 2539 835 2603 ἐκ
866 2542 929 2604 τῶν
958 2538 1102 2627 ὕπερθεν
1123 2539 1289 2624 δομάτων,
1311 2539 1355 2604 ἵν’

206 2645 312 2736 ἐσίδης
333 2644 432 2734 αύιήν
453 2649 576 2778 γρμνήν
597 2651 652 2711 καί
673 2647 879 2731 καταμάθοις
904 2646 939 2711 τό
969 2646 1088 2722 κάλλος
1117 2647 1233 2734 αύτής,
1267 2646 1354 2712 άλλά

206 2757 260 2815 και
282 2751 421 2842 άιιούσης
442 2753 539 2839 αύιης
560 2753 722 2839 λαλούσης
742 2758 797 2818 καί
818 2753 993 2844 θαυμάσῃς
1014 2753 1048 2818 τύ
1072 2754 1225 2840 φρόνημα
1248 2749 1355 2841 αὐτῆς.

201 2865 282 2952 Ὅρα
304 2863 362 2931 ούν
383 2867 582 2953 κεφαλήν’
558 2889 627 2932 ανω
649 2867 683 2932 τό
704 2868 799 2954 ἄλφα
820 2873 875 2933 καί
894 2868 929 2933 τδ
951 2893 993 2946 ω,
1016 2867 1173 2953 τράχηλον
1193 2867 1272 2954 δὲμ
1300 2873 1355 2933 καί

206 2993 254 3068 ψ,
277 2978 383 3062 ὤμους
398 2979 468 3063 οἶμα
479 2985 565 3067 χιρσὶ
578 3009 598 3064 γ
611 2984 713 3067 καίχ,
737 2983 838 3070 στήθη
853 2984 874 3048 δ
885 2987 996 3071 καιφ,
1015 2982 1244 3072 διάφραγμο“
1226 3013 1240 3054 ε
1258 2990 1354 3062 καιυ,

206 3100 307 3162 νῶτον
324 3095 457 3172 ζκαίτ,
481 3095 607 3162 κοιλίαν
621 3121 641 3182 η
657 3101 760 3178 καίσ,
780 3100 900 3186 μηρούς
917 3103 945 3164 θ
962 3102 1064 3186 καίρ,
1084 3099 1206 3179 γόνατα
1222 3126 1234 3165 ι
1252 3105 1353 3177 καιπ,

206 3209 328 3294 κνήμας
347 3234 366 3274 κ
388 3213 497 3289 καίο,
521 3211 629 3298 σφυρά
652 3209 673 3276 λ
696 3215 806 3291 καλξ,
829 3213 935 3290 πόδας
955 3239 980 3299 μ
1001 3218 1106 3280 καιν.
1160 3214 1264 3280 Τοῦτό
1291 3213 1356 3279 ἔστι

206 3316 241 3381 τὸ
265 3319 358 3400 σῶμα
380 3321 434 3404 τής
454 3319 535 3382 κατά
557 3318 613 3384 τδν
633 3320 739 3404 μάγον
767 3319 941 3408 ἀληθείας,
973 3325 1064 3386 τούτο
1095 3324 1130 3386 τό
1163 3326 1269 3408 σχῆμα
1298 3325 1355 3386 τοῦ

207 3428 369 3506 στοιχείου,
393 3421 523 3501 οὖτος“
506 3449 523 3491 ο
546 3429 706 3515 χαρακτήρ
728 3431 784 3492 τού
804 3429 998 3514 γράμματος.
1022 3432 1086 3493 Καί
1107 3428 1201 3494 καλοί
1220 3432 1254 3494 τό
1271 3444 1356 3495 στοι-

204 3541 291 3613 χιίον
311 3536 401 3598 τοῦτο
425 3533 668 3621 ἄνθρωπον·
697 3535 782 3600 ιίναί
807 3559 839 3601 το
867 3537 971 3624 πηγήν
1000 3553 1098 3623 φησιν
1126 3535 1204 3602 αότδ
1236 3537 1357 3614 παντός

204 3638 302 3720 λόγου
324 3644 380 3703 καί
400 3639 502 3727 α’ρχήν
524 3642 629 3728 πάσης
659 3647 770 3728 φωνής
797 3647 851 3707 καί
876 3644 997 3720 παντὸς
1018 3641 1156 3732 δρρήτου
1180 3643 1271 3732 ῥῆσιν
1300 3655 1357 3714 καὶ

203 3751 258 3832 τής
278 3751 485 3834 σιωπωμένης
506 3753 619 3835 σιγῆς
641 3750 751 3833 στόμα.
796 3755 860 3815 Καὶ
881 3755 971 3816 τοῦτο
992 3755 1055 3834 μὲν
1074 3753 1110 3815 τό
1132 3756 1225 3836 σῶμα
1247 3751 1355 3840 αὐτῆς.

204 3854 252 3918 Σύ
274 3852 310 3918 δὲ
331 3855 501 3938 μετάρσιον
521 3855 644 3942 ἐγείρας
666 3856 813 3934 διανοίας
841 3857 947 3944 νόημα
976 3858 1031 3924 τόν
1059 3859 1158 3924 αὐτόν
1183 3863 1356 3948 γεννήτορα

205 3964 260 4025 καί
279 3960 501 4048 πατροδότορα
523 3962 620 4044 λόγον
641 3962 709 4030 άπὸ
731 3966 894 4049 στομάτων
915 3964 1115 4052 ἀληθείας
1135 3968 1243 4034 ἄκουε.

259 4070 288 4136 6.
321 4071 433 4133 Ταῦτα
454 4069 491 4133 δὲ
512 4071 625 4158 ταύτης
643 4071 803 4160 εἰπούσης,
827 4075 1084 4162 προσβλέψασαν
1097 4074 1185 4164 αύτῷ
1197 4077 1254 4163 τήν
1267 4074 1356 4162 άλή-

204 4179 329 4240 θειαν
350 4180 405 4240 καί
427 4177 608 4255 άνυίξασαν
628 4179 663 4244 τδ
694 4179 794 4262 στόμα
818 4179 957 4266 λαλήσαι
976 4181 1085 4263 λόγον,
1119 4183 1175 4248 τόν
1200 4183 1237 4249 δὲ
1258 4183 1357 4264 λόγον

258 4375 304 4430 83.
323 4375 367 4446 δή]
386 4374 416 4430 δι’
434 4373 456 4430 (2
474 4371 505 4431 Μ
575 4375 621 4432 84.
640 4375 766 4450 δομάτων
784 4373 806 4431 C
824 4375 853 4432 M
908 4378 989 4472 -87,
1008 4379 1036 4434 τό
1054 4380 1094 4451 δὲ]
1114 4399 1149 4438 an
1165 4380 1352 4474 τδ-διύτερονί

205 4473 252 4529 88.
272 4470 331 4547 ἅμα
344 4475 423 4548 χερσί
440 4492 485 4531 om
505 4473 527 4533 C
545 4472 574 4531 Μ
628 4473 745 4551 φράγμα
760 4473 782 4534 C
800 4475 830 4534 Μ
906 4476 946 4556 ευ]
965 4479 986 4534 ι’
1004 4475 1026 4534 C
1043 4477 1073 4535 Μ
1174 4484 1215 4554 ξι]
1232 4465 1308 4554 ,δῖὓ
1326 4481 1356 4540 Μ
