3056 4970
628 325 850 387 volutilibus,
1109 410 1115 426 Ι
1245 321 1308 388 265

159 494 302 560 -calidum
325 500 378 558 aut
399 489 542 576 trigidum
564 489 632 557 deri
654 511 716 558 nou
739 498 843 574 potest
863 497 897 556 ut
917 490 1022 558 auditu
1051 493 1220 577 percipias,
1251 494 1331 558 sads

170 601 274 667 talium
297 599 439 664 iudicium
463 605 512 663 est
532 603 641 664 lactus.
685 599 769 663 llaec
792 617 860 664 cum
877 600 918 664 ita
932 609 1106 683 comparata
1120 602 1188 684 sint,
1213 599 1310 666 ador-

172 707 257 772 natio
279 724 404 791 eorum,
427 723 507 789 quae
528 704 609 770 lactu
628 713 700 770 eunt
722 724 866 790 quaeque
886 705 982 791 dunt,
1004 712 1147 790 tanquam
1171 725 1229 790 per
1251 727 1312 772 nu-

172 830 275 878 meros
305 812 385 877 lactu
415 812 600 896 intelligitur.
656 812 733 876 Nam
761 814 840 877 sicut
862 833 879 878 a
902 814 1034 878 monade
1056 815 1119 878 orsi
1142 813 1312 878 secundum

173 920 395 1002 appositionem
426 917 590 982 monadum
620 919 672 982 vel
698 918 827 984 triadum
860 925 891 982 et
920 919 1066 1002 deinceps
1097 920 1312 986 coniectorum

173 1042 371 1090 numerorum
393 1041 486 1090 unum
513 1025 640 1108 aliquod
666 1034 802 1109 systema
833 1026 961 1091 iacimus
993 1027 1155 1120 monimum
1184 1028 1350 1104 nuncupo

174 1130 286 1195 deinde
305 1147 412 1196 rursus
434 1150 451 1195 a
474 1149 602 1196 numero
627 1149 667 1196 ex
688 1133 914 1215 compositione
937 1132 1081 1200 conlecto
1104 1132 1312 1198 subtractione

173 1236 274 1320 aliqua
296 1243 325 1300 et
347 1238 547 1302 reiteratione
570 1237 756 1304 solutionem
780 1238 1022 1320 compositorum
1046 1239 1237 1302 arithmetice
1259 1238 1312 1304 el·

173 1343 308 1407 ficimus:
332 1341 405 1428 (25.)
421 1345 463 1408 ite
484 1345 557 1408 dicit
579 1345 670 1409 etiam
693 1344 837 1410 mundum
863 1345 1010 1409 numerali
1031 1346 1133 1427 aliquo
1151 1353 1182 1408 el
1195 1347 1313 1412 musico

172 1448 297 1514 vinculo
327 1449 461 1514 vinclum
492 1452 662 1516 intentione
692 1459 723 1515 et
746 1452 929 1516 remissione
953 1457 983 1514 el
1004 1451 1161 1516 additione
1183 1457 1214 1514 et
1235 1452 1314 1518 eub-

174 1555 288 1620 lationc
318 1571 441 1638 semper
467 1562 500 1621 el
525 1565 677 1640 perpetuo
706 1560 859 1643 integrum
886 1566 1101 1624 conservatum
1124 1575 1204 1622 esse.
1247 1557 1353 1643 lgi-lt

174 1669 225 1726 tur
252 1661 343 1728 etiem
374 1663 414 1727 de
442 1664 672 1746 dispensatione
700 1665 804 1729 mundi
831 1667 863 1729 in
889 1664 972 1729 huuc
999 1664 1121 1730 modurn
1145 1665 1315 1729 decernunt

172 1767 374 1852 Pythagorei:

261 1875 404 1940 Proiecto
426 1873 558 1940 enimet
578 1876 663 1957 prius
686 1883 753 1939 erat
775 1882 806 1940 et
828 1879 885 1941 erit
908 1892 1128 1960 necunquam,
1152 1873 1271 1958 opinor,

259 1981 312 2047 itia
335 1982 484 2047 ambobus
506 1982 686 2046 vacuabitur
707 1983 888 2047 immensum
910 2000 1033 2048 aevum.

176 2086 292 2162 Quibus
322 2095 422 2152 aulem
452 2087 527 2154 bisi
562 2089 717 2154 discordia
749 2095 780 2154 el
814 2106 934 2178 amureg
996 2086 1096 2153 Efficit
1125 2093 1227 2150 autem
1256 2085 1354 2150 iliano

177 2211 263 2259 amor
284 2195 497 2280 indelebilem,
525 2202 685 2260 ueternum
705 2196 868 2280 mundum,
902 2203 935 2259 ut
957 2195 1013 2262 sibi
1036 2193 1241 2277 persuadent;
1268 2199 1316 2256 est

177 2302 257 2366 enim
287 2302 424 2366 essentia
454 2309 484 2364 el
512 2300 644 2366 mundus
674 2320 785 2381 unum3
817 2300 971 2367 discordia
1002 2307 1103 2366 autem
1124 2300 1251 2382 dissipat
1284 2304 1316 2362 el

176 2405 277 2472 differt
306 2415 339 2472 et
368 2409 459 2471 multa
496 2410 654 2490 experitur
687 2408 852 2474 diuidendo
886 2407 1031 2472 muudum
1063 2406 1178 2472 lacere.
1230 2407 1315 2470 Tan-

177 2515 322 2596 quamsi
347 2516 415 2596 quis
444 2514 635 2579 numerando
664 2514 833 2598 myriadem
855 2516 887 2578 in
908 2512 1056 2578 chiliades
1080 2520 1112 2576 et
1133 2519 1263 2576 centena
1288 2517 1317 2575 el

177 2620 313 2686 decades
333 2628 365 2685 et
384 2619 545 2685 drachmas
567 2623 599 2685 in
622 2621 734 2686 obolos
757 2630 789 2685 et
811 2621 997 2702 quadrantes
1020 2621 1152 2702 exiguos
1171 2619 1354 2683 dirimenste

176 2733 277 2792 secat:
298 2727 341 2791 ita
362 2725 516 2792 discordia
540 2729 704 2793 essentiam
724 2727 843 2812 muudi,
865 2727 980 2811 inquit,
1002 2734 1090 2792 secat
1110 2728 1141 2788 in
1164 2724 1314 2803 animalia,

176 2835 310 2922 plautas,
347 2833 469 2900 metalla
489 2842 520 2898 et
542 2852 622 2917 quae
644 2839 715 2898 sunl
736 2833 783 2897 bis
805 2833 914 2900 similia
926 2880 936 2915 ,
970 2838 1003 2896 el
1030 2840 1078 2896 est
1104 2831 1316 2913 generationis

178 2959 287 3006 eorum
319 2959 401 3023 quae
431 2945 600 3006 nascuntur
628 2941 762 3006 omnium
783 2938 955 3006 ”cundum
979 2955 1035 3005 eos
1059 2939 1169 3005 artilex
1192 2939 1317 3003 discor-

178 3048 244 3134 dia,
274 3066 362 3114 amor
390 3056 491 3113 autem
521 3065 628 3112 rursus
655 3047 832 3114 administra
854 3055 885 3113 et
907 3053 1012 3112 custos
1035 3046 1169 3111 universi
1192 3054 1232 3109 ut
1247 3063 1318 3110 ma-

178 3162 267 3241 neat,
300 3163 332 3221 et
357 3159 388 3223 in
418 3158 511 3222 udum
540 3155 674 3220 dissecta
697 3164 727 3220 et
750 3155 788 3221 ab
811 3156 957 3220 universo
980 3154 1115 3218 abscissa
1138 3151 1357 3222 conducenseo

179 3273 210 3329 et
232 3264 369 3328 educens
392 3281 432 3327 ex
453 3265 516 3328 uita
539 3263 696 3327 connectit
715 3269 747 3327 et
768 3263 893 3344 apponit
915 3263 981 3347 toti,
1004 3269 1037 3326 ut
1059 3267 1194 3344 maneat,
1219 3267 1250 3323 et
1272 3267 1318 3323 est

179 3389 283 3438 unum.
326 3372 396 3437 Non
411 3371 544 3458 desinet
563 3369 659 3454 igitur
680 3387 784 3452 neque
807 3367 962 3433 discordia
987 3365 1158 3432 distrahere
1172 3365 1316 3430 mundum

179 3497 282 3562 neque
313 3494 401 3543 amor
434 3495 472 3541 ea
505 3493 585 3558 quae
617 3476 763 3540 distracta
783 3483 855 3540 sunt
877 3474 991 3541 mundo
1015 3475 1192 3541 attribuere.
1235 3473 1320 3538 lieec

182 3593 237 3672 est,
259 3591 294 3649 ut
313 3585 444 3669 uidetur,
467 3583 636 3650 secundum
659 3581 863 3670 Pythagoram
886 3583 990 3647 ntundi
1014 3582 1212 3664 dispensatio.
1261 3581 1321 3644 Di-

180 3695 221 3758 cit
242 3701 344 3760 untem
365 3691 556 3778 Pythagoras
580 3691 731 3775 fragmina
753 3689 828 3754 solis
851 3707 922 3754 esse
943 3689 1047 3754 stellas
1068 3696 1099 3755 et
1121 3688 1236 3754 animas
1251 3687 1358 3752 eni-ot

179 3887 207 3960 ἦε
224 3889 370 3964 lieeperus
459 3891 504 3946 32.
521 3889 630 3960 11111111]
648 3891 761 3944 bruco
829 3883 934 3942 Minu
952 3881 1055 3940 neoc
1168 3885 1212 3942 ³³.
1229 3883 1323 3940 mead-

177 4000 248 4039 osrcc
265 3979 409 4054 Roeperus
428 3982 491 4038 coll.
510 3979 673 4054 Empedocl.
691 3998 716 4035 r.
738 3979 788 4036 183
808 3977 897 4034 stara
918 3979 952 4034 63
971 3975 1072 4034 Κ1111·
1087 3975 1180 4038 καινὸς
1197 3977 1267 4030 ἔσται
1285 3970 1321 4027 C:

179 4074 254 4138 mdc
271 4071 391 4140 amoti,
410 4074 457 4146 qui
475 4090 549 4145 susp.
567 4071 735 4128 resedentes.-
752 4065 922 4125 surdescant}
940 4067 1011 4124 infru
1073 4067 1323 4137 denechdcpcctac

181 4160 203 4222 C
317 4165 362 4220 39.
381 4167 419 4228 cla
435 4163 546 4234 ὀβολοὺς
564 4161 723 4235 Roeperusr
748 4163 796 4217 arai
813 4161 925 4233 ὀβολοὺς
942 4159 965 4218 C
982 4159 1012 4216 bi
1126 4159 1171 4212 to.
1189 4155 1218 4211 rb
1235 4159 1322 4216 νεῖκος

177 4255 224 4323 τὴν
241 4252 402 4329 Roeperuer
428 4256 473 4310 niv
487 4255 606 4322 ἐἰκοσιὴν
623 4253 659 4312 C:
684 4255 730 4323 ιὴν
746 4252 865 4321 cecata
881 4269 956 4325 susp.
974 4249 1005 4308 Μ
1125 4247 1170 4301 41.
1194 4245 1251 4318 μετ’
1274 4245 1320 4298 ‹tt-

180 4343 258 4402 buC
372 4349 418 4404 to.
443 4347 475 4402 rei
498 4363 543 4403 om
569 4344 600 4403 C.
638 4343 681 4402 Gl.
707 4345 779 4401 inira
797 4345 816 4401 1.
837 4345 875 4402 48
987 4343 1032 4398 46.
1057 4337 1190 4409 συνάπτει]
1209 4335 1319 4407 συνάγει
