3052 4984
209 346 268 412 401
329 346 365 426 (p.
388 347 556 432 τευτευ.)
651 347 746 407 mann
769 349 826 422 vn,
848 351 899 407 σε.
923 353 973 407 οε.

186 518 360 603 ίμιουργόν
388 516 607 603 όυσφημήσας.
656 513 792 599 Ὁμοίοις
826 512 862 578 δὲ
895 518 950 576 καὶ
986 510 1168 584 Λουκιανός
1197 506 1215 570 ό
1247 503 1360 570 τούτου

206 625 363 710 ναθσόι·

294 733 348 799 38.
390 729 543 818 ’Λπελλῷς
565 728 601 793 δὲ
622 729 659 794 έκ
679 729 798 794 τούτων
818 726 987 812 γενόμενος
1008 725 1108 804 ούτως
1129 725 1232 807 λέγει·
1259 724 1357 789 Είναι

206 839 276 903 τινὰ
309 837 394 904 θεόν
424 835 570 918 α’γαθόν,
605 835 719 912 καθώς
755 841 809 901 καὶ
846 838 1007 922 Μαρκίων
1037 831 1178 900 ύπέθετο
1186 882 1199 911 ,
1233 832 1288 896 τόν
1317 829 1357 895 δέ

184 945 313 1011 οπόντα
343 947 490 1010 κτίσαντα
520 943 603 1007 εἶναι
630 943 770 1021 δίκαιον,
803 945 839 1021 ὃς
867 947 905 1010 τὰ
933 943 1088 1028 γενόμενα
1115 937 1355 1027 ἐδημιούργησε,

206 1056 261 1116 καί
292 1057 394 1138 τρίτον
424 1051 479 1116 τόν
509 1057 625 1116 Μωσεῖ
652 1052 853 1140 λαλήσαντα,
887 1051 1024 1136 πύρινον
1055 1050 1091 1115 δὲ
1120 1051 1231 1113 τοῦτον
1257 1045 1353 1123 εἶναι,

206 1160 289 1224 είναι
312 1159 348 1224 όὲ
378 1163 432 1224 καὶ
464 1163 609 1246 τέταρτον
636 1163 760 1247 ἕτερον,
789 1165 897 1225 κακῶν
927 1161 1044 1224 αἴτιον·
1074 1155 1201 1231 τούτους
1233 1152 1270 1218 δὲ
1292 1151 1356 1233 α’γ-

205 1264 318 1346 γέλους
339 1264 498 1349 ὀνομάζει.
554 1268 666 1351 Νόμαν
689 1267 726 1332 δὲ
748 1272 802 1331 καί
822 1265 992 1354 προφήτας
1013 1266 1191 1352 όυσφημεῖ,
1215 1259 1355 1345 όνθριύ-

205 1395 285 1438 πινα
309 1379 363 1437 καί
385 1372 493 1461 ψευδῆ
516 1373 651 1460 φάσκων
671 1376 755 1440 είναι
776 1376 814 1439 τοὶ
836 1376 1060 1460 γεγραμμένα,
1094 1375 1158 1437 τῶν
1191 1370 1227 1435 δὲ
1257 1367 1357 1449 εύαγ-

168 1479 318 1560 τογελίεον
338 1483 433 1568 ἢτοῦ
456 1480 636 1547 ἀποστόλου
657 1491 696 1547 τὰ
719 1481 894 1569 όρέσκοντα
916 1481 1002 1569 αὐτῷ
1033 1477 1179 1566 αἱρεῖται.
1231 1475 1356 1541 Φιλου-

204 1590 302 1674 μένης
336 1587 374 1652 όέ
402 1609 490 1664 τινος
523 1587 630 1669 λόγοις
661 1592 807 1677 προσέχει
838 1587 881 1665 ὥς
912 1588 1110 1675 προφήτιδας
1143 1590 1352 1675 φανεριόσεσι.

210 1696 277 1758 Τόν
298 1693 334 1758 δὲ
355 1695 494 1782 Χριστόν
518 1695 553 1760 έκ
574 1699 627 1782 τῆς
647 1695 792 1785 ὕπερθεν
814 1697 981 1780 δυνάμεως
997 1695 1259 1783 κατεληλυθέναι,
1275 1715 1352 1758 του-

205 1803 284 1866 τέστι
306 1806 361 1866 τοῦ
383 1803 532 1882 όγαθοό,
564 1801 711 1869 κόκείνου
739 1803 838 1870 αὐτόν
866 1805 950 1868 είναι
972 1803 1061 1881 υἱόν,
1094 1807 1205 1868 τοῦτον
1233 1801 1269 1866 δὲ
1291 1799 1352 1866 οόκ

205 1909 240 1974 έκ
271 1911 443 1994 παρθένου
478 1913 687 1996 γεγενῆσθαι,
711 1909 750 1976 ού
773 1911 809 1976 όὲ
838 1913 981 1998 ἄσαρκον
1010 1912 1094 1977 εἶναι
1121 1910 1176 1975 τὸν
1206 1911 1352 1996 φανέντα

168 2024 195 2073 ίῡ
205 2015 303 2097 λέγει,
327 2016 398 2081 ἀλλ’
419 2017 454 2081 έκ
474 2021 527 2104 τῆς
546 2021 602 2083 τοῦ
624 2021 743 2095 παντός
763 2017 874 2095 ούσίας
894 2017 1113 2104 μεταλαβόντα
1134 2021 1240 2104 μερῶν
1255 2019 1350 2098 σῶμα

203 2125 428 2210 πεποιηκέναι,
448 2127 581 2188 τουτέστι
603 2128 730 2214 θερμοῦ
751 2131 805 2190 καί
826 2129 954 2214 ψυχροῦ
976 2129 1030 2190 καί
1052 2124 1150 2209 ύγρού
1172 2128 1226 2188 καί
1241 2124 1349 2210 ξηροῦ,

203 2236 258 2294 καί
278 2229 315 2294 έν
335 2229 434 2318 τούτῳ
456 2235 499 2319 τῷ
521 2231 641 2316 στόματι
662 2233 810 2299 λαθόντα
833 2233 888 2310 τός
909 2233 1062 2317 κοσμικὰς
1074 2232 1220 2310 ἐξουσίας
1235 2233 1352 2314 βεβιω-

203 2340 295 2403 κέναι
324 2338 363 2403 δν
393 2338 504 2420 έβίωσε
532 2340 649 2426 χρόνον
677 2340 714 2406 έν
740 2339 863 2430 κόσμῳ·
896 2340 995 2417 αὖθις
1021 2340 1057 2405 δὲ
1089 2339 1154 2405 ύπό
1183 2339 1350 2405 Ἰουόαίιον

204 2443 524 2511 ἀνασκολοπισθέντα
560 2450 694 2526 θανεῖν,
732 2453 786 2514 καὶ
812 2451 891 2533 μετὰ
920 2459 1000 2537 τρεῖς
1028 2447 1147 2535 ἡμέρας
1175 2447 1350 2533 ἐγερθέντα

165 2557 349 2639 ῖυφανῇναι
370 2565 435 2630 τοῖς
455 2558 635 2641 μαθηταῖς,
666 2556 815 2634 όείξαντα
842 2558 914 2630 τους
935 2555 1054 2631 τύπους
1084 2558 1147 2620 τῶν
1176 2553 1264 2641 ἧλον
1294 2559 1349 2618 καὶ

203 2666 256 2746 τῆς
274 2661 281 2750 l
299 2661 456 2750 πλευρᾶς,
480 2666 638 2728 πείθοντα
660 2662 707 2728 ὅτι
730 2663 824 2740 αότός
847 2665 895 2750 εἴη
917 2667 971 2727 καί
993 2662 1032 2728 ού
1048 2663 1222 2749 φάντασμα
1226 2711 1238 2740 ,
1261 2661 1348 2726 α’λλυί

201 2769 354 2857 ἔνσαρκος
375 2769 424 2856 ἦν.
468 2771 599 2857 Σύρκα,
622 2775 718 2858 φησί,
741 2771 847 2849 όείξας
869 2770 1020 2836 α’πέόωκε
1041 2775 1096 2862 γῷ,
1119 2771 1154 2848 έξ
1176 2767 1212 2857 ἧς
1234 2793 1293 2856 περ
1308 2767 1348 2856 ἦν

201 2875 330 2954 οόσίας,
352 2877 453 2964 μηόὲν
475 2877 644 2965 α’λλότριον
667 2877 878 2955 πλεονεκτῶν,
913 2877 999 2943 α’λλὰ
1030 2877 1112 2965 πρός
1137 2877 1251 2964 καιρόν
1271 2900 1349 2963 χρη-

202 2983 352 3067 σόμενος,
384 2983 527 3062 ἑκάσταις
547 2991 586 3049 τοὶ
608 2985 677 3050 ίόια
699 2985 864 3064 όπέόωκε,
895 2985 995 3061 λύσας
1015 2983 1115 3050 πόλιν
1142 2988 1197 3049 τόν
1228 2984 1347 3069 δεσμόν

164 3095 257 3158 αυτοῦ
280 3091 441 3176 στόματος,
464 3096 578 3181 θερμῷ
599 3095 633 3159 τό
657 3093 800 3181 θερμόν,
829 3097 946 3183 ψυχρῷ
967 3094 1001 3157 τό
1025 3093 1169 3181 ψυχρόν,
1201 3091 1288 3181 ὑγρῷ
1310 3095 1344 3158 τό

200 3197 316 3284 ύγρόν,
340 3201 424 3287 ξηρῷ
445 3199 479 3263 τι)
504 3201 620 3288 ξηρόν,
649 3206 703 3264 καὶ
724 3199 822 3277 οὕτως
843 3199 1007 3287 ἐπορεύθη
1035 3201 1116 3286 πρὸς
1136 3201 1191 3265 τόν
1212 3199 1345 3280 όγαθόν

199 3308 339 3393 πατέρα,
367 3305 553 3372 καταλιπών
580 3308 615 3371 τό
643 3311 696 3394 τῆς
722 3307 800 3393 ζωῆς
828 3311 955 3396 σπέρμα
983 3309 1029 3384 είς
1054 3309 1109 3372 τόν
1136 3309 1255 3392 κόσμον
1287 3306 1344 3372 διὰ

200 3418 262 3480 τῷν
282 3417 441 3501 μαθητῶν
462 3427 526 3492 τοῖς
547 3415 738 3480 πιστεύουσι.

285 3528 382 3587 Δοκεῖ
401 3522 477 3608 ἡμῖν
498 3525 671 3588 καὶταῦτα
693 3520 812 3598 λκανῷς
832 3522 1054 3586 έκτεθεῖσθαι·
1088 3520 1166 3586 ἀλλ’
1193 3522 1262 3587 έπεί
1282 3545 1346 3607 μη-

160 3630 256 3701 ῖοόὲν
278 3631 475 3718 παραλιπεῖν
497 3629 684 3713 ἀνέλεγκτον
705 3631 874 3719 ἐκρίναμεν
894 3633 957 3694 τῶν
979 3627 1045 3696 ύπό
1065 3651 1160 3695 τινων
1182 3629 1344 3714 όεόογμα-

202 3742 374 3824 πσμένιον,
397 3739 515 3824 ἴδωμεν
537 3743 566 3804 τί
587 3743 641 3804 καὶ
662 3739 697 3804 τό
719 3749 784 3813 τοῖς
804 3738 960 3823 Δοκήταις
979 3737 1231 3824 έπινενοημένον.
1252 3740 1257 3824 Ι

272 3934 295 3987 1.
316 3933 527 4006 όυσφημίσαςῦ
684 3934 713 3990 όλ
731 3931 786 4010 καί]
812 3951 837 3988 u
863 3933 910 3987 καλ
934 3929 1004 3986 CM
1166 3934 1193 3988 3.
1220 3949 1279 4005 sqq.
1299 3929 1342 3988 Cs.

197 4023 505 4082 Pseudo-Tertullian.
524 4029 583 4082 αόυ.
601 4046 686 4081 omnes
705 4029 776 4080 λαεκ.
798 4043 823 4082 ο.
843 4029 869 4083 6.
889 4023 1005 4081 ΤετίυΙΙ.
1026 4029 1056 4080 σε
1073 4026 1228 4099 Ρτσειτιίμῖ.
1241 4027 1342 4080 Haeret.

198 4135 222 4174 ο.
242 4119 287 4174 30.
315 4115 419 4175 Ευιείι.
444 4123 477 4174 Η.
504 4121 539 4172 Ε.
569 4118 602 4184 V,
631 4119 673 4174 ¹3.
698 4116 867 4173 Theodorei.
896 4121 977 4174 θέσιν.
999 4121 1056 4186 [τό.
1084 4118 1108 4183 1,
1126 4119 1170 4172 25.
1314 4119 1341 4172 3.

193 4209 333 4281 Ἀπελῆςί]
441 4213 467 4267 7.
486 4212 515 4268 δι’
531 4209 588 4288 καί]
601 4207 715 4265 τέκαίῦ
855 4211 897 4265 11.
921 4210 1097 4282 φανεροίσεσι]
1124 4211 1248 4283 φανεροῖς
1271 4207 1341 4265 CM

628 4385 909 4398 ..υ-*-
