3006 4976
645 344 773 404 ttutttct.
1238 341 1280 408 99

23 459 25 496 ι
133 501 267 565 arlrooat
291 501 370 565 deos
393 510 425 567 et
452 515 609 588 apparent.
661 511 839 592 Inspectum
869 510 949 572 anim
982 511 1082 592 quivis
1109 513 1140 574 in
1169 512 1279 593 pelvim

23 599 25 628 ¹
133 606 253 670 uidebit
275 625 385 670 omues
408 617 440 673 et
461 610 589 676 Dianam
613 614 701 677 simul
724 633 820 678 canes
835 615 982 678 latrantes
995 615 1166 680 dueentem.
1211 617 1278 680 Co·

134 710 277 774 aabimur
300 717 402 774 autem
427 715 518 776 etium
541 715 649 778 luorum
672 716 846 800 historiam,
876 717 1032 797 quomodo
1067 721 1191 800 negotia
1222 737 1278 784 sua

134 823 263 898 gerunt,
297 834 454 881 adamare.
508 820 542 882 ln
578 819 709 884 ahenum
739 822 820 884 enim
853 822 922 903 pica
955 821 1103 902 repletum
1133 831 1277 906 tanquam

133 920 286 984 lervidum
308 922 437 986 demittit
459 942 580 1004 manus;
603 933 694 990 aceto
717 933 817 990 autem
842 935 872 990 ct
902 926 982 989 nitro
1010 927 1041 990 iu
1070 927 1201 991 ahenum
1225 930 1315 996 in-to

134 1026 217 1090 tacto
242 1032 274 1089 at
297 1027 366 1108 pica
388 1027 500 1110 liquida
529 1033 690 1095 succendit
723 1032 863 1096 alanum.
916 1032 1044 1094 Acetum
1075 1039 1174 1095 autam
1207 1051 1276 1097 cum

133 1135 214 1196 nitro
239 1132 362 1195 mixtum
388 1134 441 1197 ubi
463 1137 584 1218 accepit
614 1139 757 1220 exiguum
781 1138 931 1221 calorem,
964 1145 1069 1201 morat
1098 1138 1215 1223 picem,
1244 1147 1276 1204 ut

131 1255 233 1318 usque
260 1236 299 1300 ad
329 1239 519 1320 superficiem
548 1241 661 1305 excitet
690 1243 787 1306 bullas
816 1251 848 1306 et
874 1241 1008 1323 speciem
1037 1248 1151 1306 tantum
1179 1261 1275 1328 prae·

131 1341 204 1404 beat
225 1341 383 1406 ferventis.
444 1343 544 1408 Antea
582 1354 683 1410 autem
713 1349 804 1411 etiam
827 1365 934 1412 manue
966 1365 1060 1428 saepe
1091 1365 1169 1430 aqua
1193 1350 1274 1412 salsa

129 1447 230 1532 lavat,
260 1465 322 1528 quo
344 1448 393 1532 tit,
423 1455 455 1514 ut
483 1469 546 1514 non
569 1451 732 1516 admodum
756 1452 993 1536 concaleiaeiat‚
1023 1454 1141 1516 etiamsi
1163 1469 1311 1535 reapsem

128 1553 258 1618 servem.
313 1555 366 1620 Sia
401 1574 477 1620 uero
510 1557 664 1639 myrrhina
703 1565 733 1620 et
763 1559 843 1622 nitro
874 1564 906 1620 ot
935 1556 1056 1639 myrrha
1087 1576 1156 1622 cum
1184 1567 1273 1621 aceto

128 1661 233 1722 mixtis
257 1677 365 1724 manus
394 1660 483 1725 illitas
511 1661 615 1725 abluet
643 1681 722 1744 aqua
753 1662 834 1726 salsa
864 1661 1043 1746 identidem,
1074 1680 1136 1726 uon
1165 1663 1271 1726 uritur.

128 1765 265 1829 Pedibus
288 1773 387 1831 autem
411 1785 475 1830 non
498 1767 635 1832 aduritur
656 1751 860 1851 ichthyocolla
893 1773 924 1830 et
950 1767 1142 1831 salamandra
1172 1768 1272 1832 illitus.

129 1871 221 1944 Quod
253 1879 355 1935 autem
385 1875 518 1956 pyramis
549 1875 723 1950 incenditur
750 1877 846 1939 instar
881 1873 1017 1957 faculae,
1047 1892 1127 1956 quaa
1151 1874 1273 1956 lapidea

127 1979 184 2061 ait,
214 1995 310 2042 causa
332 1977 411 2042 haec
438 1988 492 2043 est.
554 1981 674 2044 Cretica
701 1987 783 2044 terra
813 1990 860 2045 est
888 1981 926 2044 ad
957 1980 1085 2062 liguram
1108 1980 1188 2045 lacta
1210 1999 1310 2064 ιιι-ιιι

127 2085 256 2148 ramidia
291 2084 403 2169 modo,
439 2086 547 2150 colore
576 2095 676 2151 autem
705 2094 848 2169 tanquam
874 2086 952 2169 lapis
980 2086 1113 2170 lacteus,
1142 2103 1272 2168 eompa-

125 2194 215 2251 ratur
236 2195 338 2252 autem
362 2193 393 2253 in
416 2189 497 2256 huuc
525 2193 658 2257 modum.
715 2193 811 2274 Copia
842 2192 902 2255 olei
931 2193 1052 2276 inungit
1081 2192 1272 2274 frustumque

127 2296 256 2376 imponit
278 2297 310 2358 in
333 2298 440 2378 prunis
473 2304 504 2360 et
527 2316 595 2362 cum
617 2299 728 2363 tumuit
750 2300 922 2380 iterumque
946 2298 1065 2360 inunxit
1095 2305 1125 2360 et
1154 2298 1271 2362 exussit

126 2404 236 2466 iterum
258 2410 290 2466 at
312 2406 434 2468 tertium
458 2413 490 2468 et
516 2405 634 2469 iteratis
665 2406 799 2488 vicibus,
829 2404 921 2466 ellicit
950 2411 983 2466 ut
1011 2402 1134 2467 incendi
1163 2405 1269 2485 possit,

125 2510 245 2572 etiamsi
268 2527 347 2591 aqua
372 2517 544 2594 mergatur3
566 2510 659 2574 habet
681 2510 760 2572 enim
784 2510 815 2572 io
839 2527 874 2572 se
896 2508 1019 2572 multum
1038 2509 1110 2573 olai.
1153 2509 1307 2580 locon-m

127 2615 207 2678 ditur
230 2623 331 2679 autem
353 2623 480 2702 sponte,
505 2617 575 2680 dum
598 2633 706 2700 magus
730 2616 813 2699 libat,
835 2615 923 2678 locus
945 2613 1061 2677 calcem
1080 2620 1198 2676 coctam
1209 2613 1269 2676 lra-

126 2721 205 2784 bena
228 2741 286 2804 pro
320 2725 426 2786 cinare
462 2730 493 2786 et
522 2722 590 2786 thus
618 2725 764 2785 minutum
793 2727 822 2782 et
852 2721 1011 2800 copiosum
1041 2727 1073 2783 et
1103 2719 1269 2780 facularum

125 2829 318 2892 indoctarum
342 2827 518 2892 fasciculum
535 2817 745 2910 puellarumque
761 2843 904 2889 cavarum
919 2825 1000 2886 intus
1013 2827 1116 2906 ignem
1132 2824 1269 2886 abscon-

126 2931 221 2997 ditum
245 2932 431 2997 habentium.
476 2934 601 2996 Fumum
624 2941 726 2996 autem
751 2928 874 2994 exhalat
896 2947 936 2992 ex
959 2946 1014 2992 ore
1036 2947 1093 3011 par
1110 2927 1269 3009 complus-

124 3039 226 3102 culum
250 3047 385 3123 tempus,
408 3057 476 3102 cum
500 3046 530 3101 et
551 3041 655 3123 ignem
678 3037 784 3100 iniecit
805 3037 836 3098 in
854 3035 963 3118 gallam
988 3042 1019 3096 et
1033 3043 1120 3116 stupa
1134 3035 1305 3100 circum-ao

124 3143 221 3208 volvit
242 3153 275 3207 et
297 3145 407 3208 oonllat
430 3147 460 3207 in
483 3162 549 3208 ore.
601 3143 781 3208 Sindonium
809 3149 907 3204 autem
938 3141 1021 3222 quod
1043 3141 1267 3222 superimposi-

125 3258 187 3312 tum
210 3259 258 3316 est
279 3251 371 3335 pelvi,
393 3251 424 3314 in
443 3269 503 3332 quo
520 3251 648 3331 imponit
666 3265 788 3332 prunas,
810 3253 939 3328 propter
960 3247 1146 3327 suppositam
1158 3262 1266 3326 aquam

124 3354 236 3418 salsam
260 3374 324 3419 non
348 3357 551 3439 adurebatur,
589 3360 620 3417 ct
649 3356 746 3434 ipsum
772 3354 853 3416 enirn
875 3359 942 3415 erat
965 3369 1043 3433 aqua
1067 3351 1148 3414 salsa
1177 3357 1266 3413 autea

124 3439 289 3545 iniectum,
313 3461 426 3525 deindo
447 3464 603 3526 inunctum
625 3459 697 3523 albo
720 3460 771 3523 ovi
800 3477 868 3521 cum
891 3457 1008 3537 liquido
1038 3457 1180 3522 alumine.
1235 3457 1267 3520 Si

126 3565 196 3646 quis
218 3573 322 3630 autam
344 3567 494 3648 liquorem
517 3566 701 3647 sempervivi
723 3563 771 3626 his
794 3582 861 3626 cum
885 3570 974 3626 aceto
998 3561 1204 3644 admiscuerit,
1235 3569 1302 3626 etot

124 3671 277 3751 permulto
307 3679 446 3754 tempore
477 3681 567 3735 antea
597 3671 710 3750 illinet,
739 3671 894 3732 inunctum
927 3685 984 3747 per
1012 3667 1264 3730 medicamentum

124 3777 229 3858 iguem
251 3794 380 3856 prorsus
402 3794 465 3840 non
488 3779 604 3857 recipit.
1041 3761 1048 3774 ’

211 3879 263 3946 ut.
307 3883 469 3964 Postquam
499 3884 591 3965 igitur
624 3900 800 3945 arcanarum
829 3881 956 3943 istorum
989 3877 1096 3940 artium
1132 3875 1267 3939 breuiter

122 3992 294 4067 potestates
317 3988 516 4069 exposuimus
547 3986 729 4067 facilemque
758 3987 837 4050 riam
859 4001 964 4046 eorum
995 3984 1034 4044 ad
1064 3999 1265 4064 cognoscen-

122 4191 199 4245 auap.
219 4170 262 4227 M:
287 4191 321 4228 aa
340 4175 515 4234 undecimae?
591 4171 721 4246 ooppdG
803 4174 847 4228 96.
866 4170 1003 4226 hcuuam
1022 4152 1084 4224 esra
1103 4177 1166 4239 port
1181 4168 1265 4222 noddo

122 4283 198 4336 aurp.
213 4263 257 4329 M,
276 4266 303 4320 id
321 4266 395 4339 quod
415 4265 558 4320 confirmat
579 4264 649 4320 inira
668 4265 687 4318 l.
698 4266 745 4329 99,
763 4263 813 4320 ubi
828 4265 863 4335 api
880 4268 990 4333 mmaipr
1087 4258 1263 4330 udroppdmrr]

121 4357 271 4426 simpulum
290 4355 326 4410 C:
351 4357 467 4428 φορητὸν
485 4373 561 4426 auup.
581 4353 611 4409 Μ
725 4356 769 4409 99.
787 4352 910 4409 nature
960 4391 961 4396 =
1024 4353 1050 4406 5.
1070 4349 1113 4403 aial
1130 4345 1240 4410 lciocC

122 4453 148 4502 6.
168 4448 212 4504 Αιι
229 4449 327 4521 praei?
433 4450 460 4502 8.
479 4449 540 4518 τῶν]
559 4447 635 4516 παρὰ
650 4447 701 4500 τῶν
719 4443 755 4500 G:
780 4445 842 4516 napi
858 4445 909 4498 τῶν
926 4439 956 4496 Μ

929 4535 980 4600 71
