3052 4984
647 345 902 406 ctmocntrtts.
1284 341 1347 406 403

198 527 305 574 eorum
330 529 371 574 ex
392 509 608 593 superiacente
636 517 790 592 potestate
818 515 918 595 artas,
949 518 981 573 et
1009 509 1082 574 ideo
1113 524 1212 590 aeque
1239 508 1348 591 despi-

200 619 319 682 cientes
342 621 445 682 maadi
468 617 591 701 iabros,
620 617 729 700 dignas
759 617 877 682 habitas
908 635 979 682 esse
1008 617 1117 682 eadem
1144 622 1298 698 potestate
1318 622 1349 678 et

198 743 306 789 rursus
328 728 359 790 in
383 724 463 791 idem
490 725 631 790 transire.
677 725 708 788 st
739 727 807 806 quis
836 731 937 788 autem
967 727 1064 807 magis
1095 743 1185 806 quem
1214 723 1385 787 iliade-1⁰

199 834 335 915 spiceret
357 852 409 898 res
431 842 587 915 terrenas,
608 849 704 913 posse
728 850 797 895 eum
820 831 1076 913 praestantiorem
1100 830 1235 895 euadere
1258 849 1348 911 quarn

199 940 291 1003 ittum.
337 941 430 1005 Artes
453 942 546 1023 igitur
567 940 703 1023 magicas
726 948 875 1022 usurpant
891 948 923 1003 et
936 939 1162 1003 incantationes
1176 939 1349 1020 phittraque

200 1055 230 1108 et
261 1046 423 1110 charitesia
453 1045 667 1130 paredrosque
705 1053 737 1108 et
766 1047 954 1110 somniorum
990 1053 1135 1111 auctores
1168 1044 1349 1127 reliquaque

200 1150 366 1234 maleficia,
401 1153 580 1235 profitentes
612 1170 683 1218 sese
706 1158 889 1234 potestatem
913 1153 1046 1238 habere,
1075 1171 1135 1235 qua
1162 1154 1220 1215 iam
1250 1169 1349 1233 supe-

200 1260 299 1322 riores
325 1258 458 1324 evadant
482 1261 707 1328 dominantibus
730 1269 761 1326 et
776 1259 987 1324 conditoribus
1008 1259 1097 1323 huius
1119 1257 1232 1341 mundi,
1255 1259 1385 1321 immota

201 1382 278 1428 vero
315 1366 365 1429 vei
395 1370 539 1447 operibus
573 1370 604 1432 in
633 1387 672 1433 eo
706 1369 873 1432 universis:
908 1385 976 1431 eum
1006 1365 1130 1450 quidem
1165 1372 1196 1427 ot
1221 1365 1280 1446 ipsi
1311 1364 1349 1427 ad

203 1469 440 1535 diffamationem
469 1473 562 1538 divini
595 1475 749 1539 ecciesiae
778 1476 911 1539 nominis
941 1493 1046 1538 coram
1073 1469 1216 1556 gentibus
1249 1470 1350 1534 aSa-

203 1584 272 1641 tana
295 1579 449 1663 progeniti
479 1583 555 1666 sint,
589 1590 622 1646 ut
644 1583 783 1647 homines
813 1582 843 1644 in
874 1579 955 1644 hunc
989 1587 1081 1661 atqua
1112 1578 1194 1642 ilium
1224 1577 1350 1641 modum

202 1693 364 1766 praecepta
402 1686 523 1751 iliorum
556 1686 734 1774 audientes,
769 1690 889 1770 ratique
927 1705 984 1752 nos
1020 1705 1129 1752 omnes
1161 1686 1239 1751 tales
1270 1703 1351 1771 esse,

203 1797 341 1855 avertant
363 1811 454 1856 aures
484 1811 556 1858 suas
584 1814 601 1859 a
629 1798 797 1878 praeconio
819 1798 969 1879 veritatis,
998 1796 1047 1860 vei
1078 1793 1168 1858 etiam
1196 1793 1389 1855 intuentesao

203 1917 282 1979 qaae
301 1907 371 1962 sunt
387 1901 507 1964 illorum
531 1902 672 1966 omnibus
696 1903 785 1968 nohis
809 1904 1003 1969 maledicant.
1047 1903 1081 1966 in
1102 1910 1218 1965 tantum
1248 1909 1350 1965 autem

203 2006 287 2068 aiunt
305 2008 439 2091 migrare
457 2009 636 2090 incorpora
659 2012 785 2095 animas,
813 2013 914 2076 donec
929 2014 1030 2076 omnia
1046 2014 1176 2094 peccata
1189 2007 1351 2091 impleant3

204 2111 255 2174 ubi
277 2120 379 2176 autem
406 2113 480 2178 nitit
501 2115 611 2196 reliqui
634 2117 686 2202 sit,
710 2127 783 2182 tunc
806 2118 963 2183 liberatam
986 2121 1040 2202 (aa.
1064 2112 1204 2202 animam)
1237 2114 1351 2179 absce-

203 2215 279 2281 dere
301 2220 338 2282 ad
361 2219 456 2301 ilium,
479 2224 530 2302 qui
555 2225 657 2287 mundi
682 2224 777 2288 fabris
800 2227 919 2310 angelis
942 2225 1084 2308 superior
1108 2224 1226 2308 sedeat,
1250 2222 1351 2306 deum,

204 2377 349 2438 minorari
378 2395 396 2438 a
428 2376 507 2442 lesu.
564 2381 692 2445 Animas
722 2382 803 2445 enim
833 2383 971 2464 ipsorum
1004 2399 1045 2444 ex
1073 2379 1182 2444 eadem
1215 2381 1352 2444 circum-

204 2556 319 2620 latione
341 2558 558 2642 devenientes,
590 2566 619 2622 et
649 2560 720 2623 ideo
750 2561 887 2624 similiter
915 2568 1147 2625 contemnentes
1176 2560 1279 2625 mundi
1303 2561 1354 2625 fa-

204 2737 394 2822 bricatores,
427 2738 535 2803 eadem
567 2739 676 2824 dignas
708 2739 826 2804 habitas
857 2758 927 2804 esse
959 2741 1087 2824 virtute,
1121 2748 1152 2803 et
1186 2759 1293 2806 rursus
1322 2743 1353 2804 ia

206 2925 286 2986 idem
320 2925 415 2988 abire.
476 2925 507 2988 Si
544 2924 613 3005 quis
641 2931 742 2987 autem
768 2923 836 3005 pius
860 2941 950 3004 quam
973 2921 1024 2986 ilie
1054 2925 1274 3005 contempserit
1305 2943 1353 3010 ea,

206 3106 287 3169 quac
309 3093 379 3150 sunt
401 3086 467 3170 hic,
485 3105 580 3168 posse
604 3087 761 3149 meliorem
786 3105 876 3167 quam
900 3086 981 3149 ilium
1005 3103 1086 3150 esse.

207 3254 238 3309 et
269 3244 358 3310 atium
388 3244 510 3307 madum
535 3253 708 3324 quaesunt
737 3243 857 3306 iliorum
886 3241 1045 3306 audientes
1063 3241 1218 3327 homiues,
1242 3249 1273 3307 et
1296 3262 1355 3326 pu-

205 3359 306 3416 tantes
328 3368 436 3414 omncs
459 3368 516 3414 nos
540 3350 616 3412 tates
639 3367 725 3432 esse,
759 3357 899 3414 avertant
928 3367 1018 3413 aures
1051 3365 1122 3412 suas
1146 3367 1162 3410 a
1186 3352 1353 3431 praeconio

206 3459 357 3542 veritatis,
380 3463 432 3522 aut
455 3464 486 3519 et
506 3455 661 3539 videntes,
691 3475 772 3537 quae
795 3453 1023 3539 anatiliorum,
1058 3471 1167 3518 omnes
1197 3473 1255 3520 nos
1284 3456 1355 3520 bia-

206 3563 368 3647 sphemcnt
395 3564 426 3626 in
450 3562 533 3627 natio
557 3565 601 3626 eis
624 3564 884 3626 communicantes
908 3568 968 3626 eet.

294 3679 321 3746 ς.
346 3667 376 3732 4.
426 3668 465 3732 Et
498 3669 528 3732 id
571 3669 653 3752 quod
698 3672 752 3733 ait:
789 3671 859 3733 Noc
896 3670 985 3732 ecies
1020 3667 1112 3746 inde,
1156 3671 1356 3753 quoadusque

208 3779 406 3842 accmeimam
449 3777 653 3858 quadrantem
695 3778 827 3853 reddas,
872 3775 1135 3858 interpretantur,
1170 3778 1257 3856 quasi
1292 3795 1354 3841 non

210 3890 301 3945 exeat
333 3884 401 3963 quis
438 3901 454 3944 a
485 3887 641 3963 potestate
682 3881 861 3964 angelorum
900 3899 1008 3944 eorum
1038 3883 1090 3962 qui
1128 3883 1272 3947 mnndum
1303 3884 1355 3946 ia-

206 4041 358 4114 γαζόμενον
376 4037 415 4095 C:
436 4039 639 4112 ἐξεργαζόμενοι
651 4037 680 4094 Μ
792 4039 939 4112 χαρηῐὴσια
953 4036 975 4094 C
1083 4043 1127 4094 27.
1147 4039 1228 4120 ἢκαὶ]
1240 4040 1314 4098 omC
1325 4041 1355 4098 Μ

209 4130 328 4194 ἅπαντας
346 4129 498 4203 Sauppius:
519 4129 622 4184 ἅπαντα
642 4129 710 4186 GM
781 4128 1026 4206 βλασφημοῦσινῦ
1104 4131 1220 4188 28—38.
1248 4130 1354 4187 irenaei

209 4224 364 4278 versionem
381 4232 504 4279 retorem
524 4223 610 4276 textui
630 4221 835 4294 supposuimus.
866 4220 909 4278 Cf.
924 4239 985 4276 eum
1008 4221 1149 4276 bisetium
1169 4221 1354 4296 Epiphaniam

208 4315 253 4372 28.
282 4311 355 4392 ὅσον]
386 4315 436 4378 ἕως
462 4315 498 4368 ἂν
520 4331 596 4386 susp.
630 4312 768 4387 Sanppias
901 4315 946 4370 30.
975 4317 1195 4386 itaodrpadstaar
1222 4333 1298 4389 susp.
1325 4315 1356 4374 Μ

208 4409 252 4464 32.
277 4406 361 4484 Τινὲς]
388 4411 427 4463 ut
449 4427 514 4469 savar
533 4403 600 4462 CM
751 4407 927 4481 ἀναμιγῆναι]
956 4407 1121 4479 ἀνιμὶγησαν
1149 4407 1303 4464 duaseaiua
1327 4412 1354 4464 ia

210 4503 361 4571 Hippolytae
380 4503 434 4554 aad
451 4501 490 4552 iria
507 4517 564 4568 ape.
583 4499 685 4582 dortdma
708 4497 789 4552 185⁴.
809 4514 837 4568 p.
855 4497 917 4550 372.

1001 4592 1070 4656 26*
