3050 4988
653 319 839 382 snstltutts.
1254 317 1319 384 355

170 485 320 567 quaedam
352 485 540 570 substantia,
574 507 591 549 a
621 489 810 552 naturalibus
838 486 999 551 elementis
1021 483 1120 548 soluta
1145 493 1190 549 est
1214 489 1317 549 omni-

171 590 248 675 bus,
282 593 364 656 unde
399 592 532 658 mundus
562 593 710 659 fabricam
746 593 860 672 habet,
898 599 1008 673 estque
1041 590 1118 656 haec
1147 592 1317 658 substantia

172 700 320 780 quaedam
358 700 528 765 secundum
570 701 767 766 Aristotelem
807 701 930 783 quinta,
968 708 1112 782 tanquam
1148 700 1356 765 substantiata

171 806 323 889 quaedam
351 807 609 890 supermundana.
670 811 771 892 Atque
801 815 848 872 est
875 808 904 871 ei
932 806 1101 871 secundum
1133 808 1316 876 divisionem

170 914 273 977 mundi
306 921 336 978 et
364 914 578 998 philosophiae
601 932 705 981 sermo
729 916 853 979 divisus.
911 913 1041 994 Physica
1064 915 1144 977 enirn
1167 919 1316 998 quaedam

168 1022 354 1085 auscultatio
378 1022 415 1086 ab
439 1021 490 1088 illo
512 1023 672 1087 elaborata
696 1030 751 1107 est,
774 1026 805 1087 in
826 1041 886 1105 qua
905 1028 1051 1085 accurate
1075 1023 1189 1106 egilde
1212 1024 1316 1108 rebus,

171 1146 250 1209 quae
275 1135 382 1194 natura
406 1138 436 1193 et
459 1147 522 1194 non
554 1129 745 1211 providentia
776 1131 1023 1192 administrentur
1053 1145 1071 1190 a
1101 1136 1185 1194 terra
1217 1149 1316 1213 usque

172 1237 209 1298 ad
233 1236 344 1301 lunam.
390 1236 604 1318 conscriptum
633 1245 733 1300 autem
766 1243 811 1300 est
834 1235 872 1298 ab
900 1253 940 1299 eo
970 1235 1062 1299 etiam
1091 1245 1162 1317 post
1187 1238 1354 1322 Physicato

171 1340 252 1406 aliud
270 1343 425 1425 quoddam
440 1343 595 1427 peculiare
610 1363 687 1427 opus
702 1345 741 1408 de
756 1343 802 1427 iis,
819 1359 899 1424 quae
916 1348 987 1405 sunt
1004 1350 1074 1422 post
1092 1342 1204 1430 lunam,
1231 1348 1314 1429 quod

171 1447 284 1512 exinde
306 1449 581 1533 Hetcpbpaiccram
603 1469 717 1514 nomen
739 1451 867 1533 accepit.
921 1449 1121 1534 conscriptus
1145 1458 1245 1516 autem
1269 1463 1316 1518 est

169 1552 206 1616 ab
232 1572 270 1618 eo
294 1557 332 1618 de
356 1558 463 1638 quinto
484 1557 657 1620 substantio
678 1557 842 1638 peculiaris
864 1555 956 1641 liber,
980 1558 1032 1638 qui
1054 1564 1102 1621 est
1124 1558 1153 1621 ei
1174 1557 1253 1622 liber
1277 1560 1316 1623 de

170 1659 231 1724 deo
255 1663 411 1746 rebusque
435 1663 554 1728 divinis.
598 1663 679 1728 Talis
702 1663 852 1746 quaedam
877 1672 925 1728 est
947 1669 977 1725 et
999 1664 1164 1745 descriptio
1188 1667 1315 1730 univer-

169 1785 287 1854 sorum,
318 1776 352 1833 ut
373 1773 519 1835 universe
550 1771 804 1856 complectamur,
837 1777 868 1834 et
897 1769 1111 1852 philosophiae
1137 1773 1354 1838 Aristoteli-te

167 1891 232 1938 cae.
277 1876 449 1960 Disputatio
472 1886 574 1942 autem
598 1879 666 1940 eius
688 1880 726 1941 de
751 1879 855 1942 anima
878 1878 1011 1942 obscura
1042 1886 1097 1942 est
1149 1879 1183 1943 ln
1218 1881 1314 1946 tribus

166 1983 246 2044 enim
270 1983 398 2065 integris
420 1984 520 2068 libris,
544 2004 606 2049 non
629 1986 700 2049 licet
723 1994 830 2067 aperte
859 1983 981 2068 dicere,
1016 1985 1089 2066 quid
1121 1985 1243 2050 tandem
1275 1987 1315 2051 de

167 2090 266 2153 anima
290 2090 402 2156 sentiat
421 2090 616 2158 Aristoteles.
671 2093 747 2156 Nam
770 2110 860 2174 quam
882 2092 989 2156 reddat
1011 2090 1218 2158 definitionem
1244 2097 1315 2158 ani-

166 2215 244 2281 mae,
268 2197 360 2263 iacile
384 2207 432 2264 est
455 2198 574 2285 dicere,
599 2199 671 2283 quid
701 2209 804 2265 autem
834 2199 1012 2263 definitione
1038 2197 1088 2261 illa
1112 2198 1313 2283 significatum

165 2305 218 2389 sit,
240 2305 366 2370 arduum
392 2315 440 2370 est
469 2310 639 2390 requirere.
684 2307 737 2372 Est
769 2307 862 2390 enim,
893 2306 1006 2390 inquit,
1039 2307 1138 2370 anima
1169 2306 1352 2374 naturalisso

166 2413 305 2492 eorporis
329 2416 467 2498 organici
491 2414 682 2496 entelechia,
709 2411 884 2496 quecquid
907 2411 1030 2476 taudem
1053 2411 1110 2476 sibi
1132 2412 1222 2496 velit,
1246 2414 1314 2477 dis·-

165 2519 322 2598 putatione
351 2528 425 2605 eget
457 2522 610 2586 uberrima
641 2528 672 2586 et
703 2538 813 2602 magna
844 2522 1034 2603 quaestione.
1087 2521 1172 2586 Deus
1203 2529 1314 2606 autem,

165 2626 299 2690 omnium
323 2627 431 2692 horum
455 2648 535 2711 quac
558 2638 629 2694 sunt
645 2629 726 2694 bona
744 2637 869 2710 auctor,
894 2627 945 2691 hic
958 2627 1024 2709 ipsa
1044 2627 1143 2690 anima
1161 2626 1314 2692 difficilior

163 2738 210 2794 est
234 2731 272 2796 ad
295 2736 550 2818 cognoscendum
581 2735 632 2800 vel
663 2737 791 2800 otiosius
815 2733 1042 2816 contemplanti.
1086 2733 1229 2799 Definitio
1253 2752 1313 2798 au-

163 2844 239 2923 tem,
270 2860 359 2923 quam
389 2842 573 2908 Aristoteles
596 2843 698 2907 reddit
720 2843 760 2906 de
783 2843 861 2926 deo,
886 2842 1008 2924 cognitu
1032 2839 1155 2922 quidem
1179 2859 1242 2904 non
1266 2848 1350 2904 estat

163 2945 301 3032 dillioilis,
317 2949 372 3012 sed
385 2968 464 3032 quae
481 2953 602 3032 penitus
618 2950 752 3032 perspici
764 2955 906 3032 nequeat.
931 2947 1087 3030 Capitalia
1099 2949 1189 3026 enim,
1203 2949 1311 3030 iuquit,

164 3061 212 3116 cat
232 3057 447 3141 capitationis,
482 3057 564 3140 quod
590 3065 636 3121 est
661 3059 785 3121 omnino
809 3076 871 3121 non
901 3058 1047 3119 existens.
1102 3055 1230 3120 blundus
1252 3075 1311 3120 au-

162 3167 222 3224 tem
247 3164 407 3248 perennis,
439 3173 585 3228 aeternus
617 3171 666 3229 est
692 3163 860 3228 secundum
883 3161 1095 3241 Aristotelem3
1126 3162 1200 3227 nihil
1231 3165 1310 3227 enim

161 3265 255 3332 habet
271 3269 301 3331 in
317 3288 353 3334 se
369 3272 480 3357 vitiosi,
502 3274 613 3354 quippe
637 3275 688 3355 qui
712 3271 904 3355 providentia
927 3276 958 3334 et
981 3278 1087 3333 natura
1111 3270 1310 3354 gubernetur.

161 3373 292 3440 Instituit
323 3384 422 3440 autem
458 3378 641 3442 Aristoteles
674 3397 736 3443 non
770 3379 869 3444 solum
892 3378 931 3441 de
956 3385 1063 3440 natura
1087 3383 1117 3440 et
1145 3376 1258 3441 mundo
1283 3387 1350 3442 etat

162 3482 357 3562 providentia
382 3491 413 3547 et
437 3485 497 3548 deo
522 3486 763 3569 disputationes,
786 3504 891 3550 verum
915 3485 1118 3566 compositum
1142 3493 1190 3549 est
1211 3484 1249 3547 ab
1272 3503 1311 3548 eo

163 3591 253 3652 ctiam
277 3610 354 3674 opus
377 3592 531 3674 quoddam
556 3593 747 3675 ethicorum,
769 3592 907 3658 inscribit
929 3599 1030 3656 autem
1053 3591 1111 3655 bos
1133 3591 1311 3655 Etbicorum

161 3697 271 3772 libros,
294 3717 349 3780 per
372 3717 450 3781 quos
473 3707 578 3764 reatos
607 3718 648 3763 ex
675 3701 777 3782 pravis
804 3701 905 3765 reddit
944 3697 1176 3764 auscultantium
1199 3717 1312 3763 mores.

161 3805 235 3870 Cum
268 3807 361 3890 igitur
389 3807 541 3872 basilides
570 3807 819 3890 deprehendetur
852 3826 913 3872 non
944 3808 1012 3871 sola
1044 3808 1092 3888 vi,
1127 3805 1184 3869 sed
1219 3807 1310 3871 etiam

157 3916 230 3997 ipsis
255 3915 357 3980 verbis
381 3923 412 3980 et
436 3915 606 3981 nominibus
638 3916 813 3980 Aristotelis
843 3915 953 3998 placita
982 3914 1014 3976 in
1044 3913 1256 3996 evangelicam
1281 3921 1349 3989 etna

158 4024 324 4088 salutarem
349 4031 485 4088 nostram
509 4023 677 4089 doctrinam
700 4021 909 4107 transferens,
933 4020 1005 4104 quid
1029 4019 1232 4106 relinquetur,
1253 4025 1310 4089 nisi

158 4214 323 4285 diutegrarit
360 4216 452 4270 locum
478 4212 638 4288 Roeparua,
668 4233 729 4272 cum
755 4215 826 4270 πάνυ
854 4212 959 4267 πολλῶν
978 4229 1010 4266 ex
1032 4212 1051 4269 l.
1073 4212 1118 4266 48.
1137 4209 1192 4264 hue
1219 4217 1312 4263 retra·

159 4301 248 4358 heudo
269 4321 331 4358 essa
350 4305 500 4377 perspexit.
547 4302 604 4360 Noa
624 4307 739 4379 ἐλέγχων
766 4303 973 4359 conieceramua
1109 4301 1154 4355 48.
1180 4301 1242 4369 ἔστι]
1262 4301 1314 4352 ten

155 4392 227 4448 πάνυ
246 4395 352 4448 πολλῶν
382 4391 460 4459 GM,
491 4395 537 4467 qui
564 4413 614 4466 pro
640 4396 748 4450 noticia
773 4411 848 4466 susp.
875 4394 964 4464 πολλῷ
1097 4390 1142 4445 58.
1163 4389 1226 4444 Ἐὰν
1252 4384 1311 4464 οὖν]

152 4475 256 4538 'aare
370 4484 413 4536 ot.
438 4482 532 4559 napta]
560 4483 676 4550 aparte

953 4577 1022 4644 23*
