3056 4970
626 319 730 379 SlllOli
753 321 878 380 utfltJS.
1251 319 1312 387 251
1346 339 1349 347 ⁴

176 465 324 549 neronior
345 487 375 550 in
399 485 480 550 bunc
503 487 568 551 lere
591 486 694 552 definit
709 487 842 553 modum.
888 489 1038 574 Omnium,
1062 508 1317 572 quorumcunque

177 591 340 671 generatio
363 599 466 676 extat,
489 592 528 656 ab
552 594 624 676 igne
647 593 826 674 principium
849 593 1000 676 cupidinis
1024 598 1234 679 generationis
1258 613 1317 658 ex-

176 693 249 757 istit.
301 695 421 779 Quippe
447 697 521 780 igne
541 696 655 778 corripi
678 696 847 779 appellatur
869 696 900 761 id
922 693 1011 778 quod
1028 705 1075 761 est
1097 701 1319 781 concupiscere

177 799 421 864 commutabilem
443 800 626 884 genituram.
670 800 767 864 Unum
790 807 890 864 autem
913 819 982 864 cum
1004 803 1044 864 sit
1064 803 1159 886 ignis,
1183 813 1358 866 conver-so

176 903 283 966 sionss
306 905 435 968 vertitur
454 903 540 968 duas.
586 904 782 974 Convenitur
803 907 896 988 enim,
917 904 1024 986 inquit,
1045 905 1076 966 in
1099 905 1165 970 viro
1184 907 1320 988 sanguis,

179 1012 212 1068 et
228 1006 346 1070 calidus
369 1015 401 1071 et
423 1007 540 1092 lulvus,
569 1015 602 1072 ut
626 1009 707 1093 ignis
730 1007 898 1093 effigiatus,
933 1010 964 1071 in
986 1025 1109 1093 semen,
1140 1011 1171 1072 in
1193 1009 1321 1074 muliere

179 1119 287 1175 contra
306 1111 387 1176 idem
407 1111 457 1176 hic
474 1113 603 1195 sanguis
617 1113 647 1176 in
664 1113 724 1176 lec.
766 1113 804 1176 llt
824 1112 856 1176 lit
878 1113 1005 1176 masculi
1028 1115 1192 1178 conversio
1216 1131 1320 1197 gene-

177 1217 276 1298 ratio,
313 1214 446 1280 feminee
475 1224 577 1281 autem
612 1217 776 1280 conversio
809 1216 934 1279 nutritio
962 1217 992 1278 ei
1028 1216 1109 1298 qnod
1143 1226 1321 1299 generatur.

178 1318 251 1401 llic,
273 1321 387 1404 inquit,
421 1330 466 1384 est
485 1319 643 1400 flornmeos
664 1321 760 1398 mais,
793 1321 846 1402 pai
866 1321 1007 1384 vibratur
1030 1322 1072 1383 cd
1093 1321 1360 1384 custodiendumve

179 1425 263 1488 aiom
294 1426 370 1506 lipsi
395 1426 487 1489 citae.
518 1425 737 1488 ‘Convertitur
766 1426 846 1488 enim
875 1426 1000 1506 sanguis
1029 1426 1061 1488 in
1089 1443 1197 1488 semen
1221 1432 1253 1501 et
1273 1425 1321 1488 luc

181 1533 212 1589 et
234 1529 266 1591 lit
287 1527 365 1602 baec
386 1537 524 1611 potestas
547 1535 645 1593 muter
667 1535 698 1592 et
719 1535 817 1612 pater,
838 1537 927 1611 pater
949 1546 1057 1593 eorum
1080 1548 1160 1611 quae
1184 1546 1322 1594 nascun-

181 1640 239 1715 tur,
262 1639 295 1697 et
316 1632 422 1696 alitum
447 1651 554 1696 eorum
578 1651 658 1714 ques
680 1634 862 1716 nutriuntur,
886 1632 995 1696 nullius
1018 1633 1138 1717 indiga,
1161 1635 1208 1698 sui
1232 1650 1322 1697 com-

180 1753 247 1818 pos.
298 1735 474 1801 Custoditur
496 1741 607 1819 autem,
629 1736 736 1820 inquit,
760 1735 875 1818 lignum
894 1737 974 1798 vitae
990 1755 1047 1818 per
1067 1738 1215 1800 vibratum
1230 1737 1322 1800 llam-

181 1859 281 1904 meum
304 1858 419 1924 ensem,
443 1843 522 1903 siout
544 1840 683 1925 diximus,
705 1845 842 1923 potestas
865 1842 1003 1924 septima,
1030 1859 1110 1923 quac
1133 1848 1241 1905 estex
1265 1857 1321 1904 se·
1331 1851 1363 1900 aa

180 1952 242 2007 met
263 1951 431 2030 prognata,
464 1963 544 2026 quae
567 1962 675 2009 omnes
698 1945 851 2027 continet,
884 1946 1017 2027 quaein
1040 1962 1098 2008 sex
1119 1947 1254 2026 reposita
1278 1950 1327 2008 est

181 2049 391 2130 potestatibus.
435 2047 511 2112 Nam
535 2067 603 2112 cum
625 2065 689 2112 non
712 2047 879 2112 vibrabitur
894 2047 1051 2110 flammeus
1066 2050 1159 2132 ensis,
1182 2066 1325 2130 pessum-

182 2152 303 2215 dabitur
321 2158 352 2214 et
366 2151 502 2216 interibit
518 2152 653 2233 pulcrum
675 2151 750 2215 illud
773 2151 902 2234 lignenm
925 2171 994 2216 cum
1009 2159 1108 2216 autem
1126 2158 1326 2215 convertetur

181 2259 213 2320 in
235 2267 342 2320 semen
363 2265 395 2320 et
416 2255 474 2340 lac,
497 2259 548 2338 qui
570 2263 723 2338 potestate
745 2258 776 2320 in
799 2256 847 2322 his
869 2260 1022 2338 repositus
1045 2265 1101 2339 est,
1130 2255 1326 2321 informatio-

183 2378 252 2423 nem
285 2362 428 2425 idoneam
462 2367 492 2424 et
527 2361 629 2424 locum
660 2361 789 2444 iustum,
829 2362 860 2423 in
890 2379 951 2442 quo
983 2368 1150 2444 generatur
1185 2362 1346 2444 verbum,t

182 2472 309 2544 nactps,
332 2470 417 2527 ortus
438 2469 582 2544 tanquam
606 2484 623 2527 a
643 2463 773 2526 scintilla
795 2465 972 2528 tenuissima
994 2480 1121 2545 prorsus
1141 2463 1327 2545 grandescet

184 2574 215 2630 et
237 2574 384 2652 augescet
407 2573 438 2631 et
460 2567 518 2630 erit
539 2573 676 2649 potestas
692 2566 808 2631 infinita
828 2557 1031 2651 immutabilis,
1057 2566 1174 2650 [similis
1190 2576 1220 2630 et
1235 2585 1326 2630 ccm-

183 2677 252 2755 par]
276 2690 354 2737 aevo
379 2671 566 2756 immutabili,
590 2671 674 2752 quod
698 2670 825 2753 emplius
847 2689 911 2735 non
933 2671 966 2735 tit
990 2673 1020 2733 in
1037 2672 1181 2735 inlinitum
1207 2689 1325 2734 aevum.

273 2773 322 2839 ts.
376 2775 483 2840 Extitit
511 2775 605 2857 igitur
632 2772 714 2837 haud
747 2773 838 2837 dubie
865 2772 1034 2837 secundum
1063 2773 1144 2837 banc
1174 2775 1348 2837 rationemt

185 2881 282 2945 stultis
309 2879 413 2945 Simon
439 2878 516 2942 deus
539 2879 618 2942 sicut
639 2877 731 2960 libys
760 2877 824 2961 ille,
848 2876 917 2940 dico
947 2875 1131 2960 Apsetbum,
1159 2880 1326 2960 generatus

187 2984 309 3066 quidem
332 2991 362 3045 et
384 2983 530 3065 patibilis,
556 2981 679 3063 quando
704 2989 752 3045 est
778 2982 809 3044 in
836 2987 1008 3065 potestate,
1030 2981 1202 3064 impatibilis
1224 2986 1327 3044 autem

187 3107 226 3152 ex
247 3093 412 3172 generato,
440 3083 563 3168 quando
588 3085 741 3169 effigiatus
763 3091 811 3148 est
832 3091 863 3147 et
883 3083 982 3147 lactus
1004 3083 1159 3166 perlectus
1183 3101 1328 3167 egressus

187 3200 235 3257 est
262 3198 431 3274 potestates
462 3191 577 3273 primas
606 3190 699 3274 duas,
725 3189 787 3254 boc
819 3197 867 3253 est
894 3190 1011 3254 caelum
1040 3197 1071 3253 et
1097 3183 1220 3255 terram.
1276 3189 1329 3254 Ait

188 3299 268 3360 enim
291 3295 395 3363 Simon
418 3293 492 3376 ipsis
515 3294 617 3357 verbis
640 3294 679 3357 de
701 3291 759 3357 hae
781 3311 816 3356 re
838 3293 870 3355 in
891 3293 1093 3358 Revelatione
1114 3294 1146 3357 in
1162 3293 1243 3357 bunc
1257 3311 1367 3365 mo-10

188 3401 277 3465 dum:
318 3399 409 3462 Vobis
436 3400 531 3480 ipitar
553 3399 640 3481 dico,
676 3417 756 3480 pam
789 3399 859 3461 dico
891 3408 922 3460 et
949 3399 1070 3477 scribo,
1104 3415 1183 3479 qaae
1215 3397 1327 3462 acribo.

187 3505 351 3586 Scriptura
378 3505 492 3567 boecc:
530 3503 590 3565 doo
624 3511 695 3565 sant
726 3504 862 3565 taricaea
894 3504 976 3565 inter
1008 3504 1169 3566 calamos
1205 3521 1329 3582 aeones,

188 3611 242 3690 pati
263 3627 361 3690 aeque
379 3609 567 3690 principium
588 3627 687 3690 nepae
706 3609 798 3689 fircera
818 3608 947 3686 babent,
970 3627 1012 3670 ec
1028 3627 1092 3672 uno
1110 3609 1227 3686 rodmar,
1251 3627 1330 3691 pace

189 3715 312 3796 paridem
355 3721 470 3777 otestae
491 3721 539 3776 est
557 3715 709 3776 silentiam
732 3711 896 3787 enceinte,
916 3713 1226 3794 ircomprebensibile‚
1250 3733 1330 3797 puo-

187 3905 239 3979 ρὶμ
255 3905 301 3960 atel
322 3905 367 3973 τὴν
391 3907 522 3978 plcyirqr
546 3906 691 3979 ῥομφαίαν
716 3905 759 3973 τὴν
781 3908 960 3980 στρεφομένην
978 3903 1123 3977 poticam
1140 3906 1184 3974 τὴν
1205 3907 1270 3962 ὁδὸν
1287 3909 1332 3962 aad

189 3997 268 4060 ξύλου
285 3997 329 4064 τῆς
345 3998 418 4064 ζωῆς.
527 3999 551 4052 6.
570 3997 654 4070 πατὴρ
667 3995 727 4075 τῶν]
747 3998 821 4072 παρὰ
838 3999 888 4052 τῶν
907 3995 971 4054 CM
1081 3999 1123 4052 tt.
1137 4000 1178 4052 12.
1196 4002 1332 4070 στρέφεται

190 4085 212 4144 G
323 4089 364 4145 ta.
385 4086 479 4161 λόγου]
498 4088 578 4162 λόγος
596 4085 668 4145 ctt.
707 4087 750 4145 Cf.
769 4107 851 4163 supra
869 4108 896 4163 p.
910 4090 972 4154 248,
985 4090 1011 4144 5.
1022 4091 1048 4144 6.
1168 4090 1209 4144 14.
1235 4089 1331 4162 τυχών]

189 4183 286 4254 ψυχαῖν
304 4179 326 4237 G
344 4180 375 4235 Μ
464 4179 510 4257 ὡς]
537 4183 576 4236 clv
604 4177 674 4238 CM
803 4182 844 4238 16.
871 4182 1085 4256 ἀπαράλλακτος,
1111 4183 1153 4247 torp
1178 4181 1225 4234 atel
1248 4180 1332 4252 ὁμοία

191 4275 268 4328 clidas
286 4271 489 4350 ἀπαραλλάκιῳ]
502 4273 688 4346 ἄπαράλακτος
697 4275 774 4329 elidas
783 4273 962 4346 dnapalclxrpr
974 4270 1012 4326 C:
1033 4271 1241 4344 ἀπαράλλακτος
1253 4271 1332 4324 aluiso

191 4365 383 4440 dnopaltdxrp
399 4364 438 4422 ld.
476 4361 519 4421 ct.
539 4383 621 4438 supra
640 4383 667 4438 p.
680 4366 742 4431 248,
756 4367 783 4421 9.
798 4368 840 4420 lb.
861 4375 890 4420 et
907 4383 934 4438 p.
954 4366 1016 4430 ²44,
1035 4365 1079 4419 93.
1099 4365 1143 4418 94.
1286 4363 1331 4416 211.

191 4457 231 4514 ὅτε
250 4453 325 4513 tac
431 4457 477 4513 28.
503 4455 551 4522 alr,
578 4451 703 4529 alpsiaC
