3056 4970
641 323 804 383 iussistis.
1233 323 1298 393 217

151 483 262 552 inbutis
284 503 359 552 usne
382 485 588 573 Graecanicis,
611 495 673 552 tum
695 491 902 573 suppositiciis
924 491 1009 558 tibris
1032 492 1133 577 elique
1156 511 1197 557 er
1212 501 1338 577 portem

153 595 384 660 mninmdtnem
407 593 615 662 referentium
637 596 812 662 haeresium
834 618 929 683 supro
952 599 1111 665 dictorum.
1157 601 1300 666 Universi

154 702 237 766 enim
259 719 322 767 uno
344 703 452 785 spiritu
476 705 620 768 concussi
640 705 672 768 in
697 723 791 770 onum
815 705 941 770 inndurn
960 707 1300 773 sentinneeoodocun-
1414 746 1420 763 ·

153 818 212 896 tor,
235 809 287 874 niii
309 809 399 874 oiiter
421 810 529 875 cedern
553 810 762 878 edisserentes
786 823 817 877 et
836 813 1020 879 tribulentes.
1063 815 1100 879 Hi
1124 823 1299 899 eutempe·

154 918 313 982 cotieriter
335 935 444 983 omncs
467 919 627 1002 gnosstico
649 937 722 985 sese
745 921 907 1008 oppetient,
931 922 1044 1006 quippe
1067 922 1119 1005 qni
1142 923 1299 988 mirificem

154 1027 365 1109 cognitionem
387 1025 516 1108 perfecti
538 1033 569 1091 et
590 1026 665 1092 boni
687 1028 745 1093 soli
764 1029 978 1096 combiberint
1309 1037 1339 1088 ⁵⁶

242 1171 294 1239 24.
339 1173 409 1238 lure
432 1185 550 1256 eutem,
575 1176 616 1240 eit
637 1174 785 1261 lustinus,
815 1177 841 1240 si
865 1177 1052 1262 cognovisse
1074 1176 1182 1260 voles,
1220 1195 1300 1259 poce

155 1283 264 1346 occtm
292 1301 354 1345 con
380 1283 461 1346 cidit
486 1303 544 1345 nec
572 1283 659 1346 curm
688 1285 809 1347 aedicit
828 1303 886 1347 nec
904 1285 937 1347 in
958 1286 1015 1347 cor*
1033 1284 1164 1348 bominis
1185 1301 1300 1346 moen-

156 1391 278 1468 derum,
302 1407 371 1452 eum
395 1390 446 1470 qui
471 1397 635 1472 estsuper
658 1390 907 1472 omnebonum,
931 1393 1140 1475 superiorem,
1164 1397 1194 1454 te
1216 1389 1301 1452 indi-

155 1505 205 1560 cto
230 1495 450 1560 custoditurum
478 1496 657 1579 disciplinae
684 1495 812 1561 silenda.
864 1497 983 1561 Etenim
1016 1503 1048 1560 et
1070 1505 1159 1579 puter
1181 1503 1299 1579 noster,

154 1605 207 1669 ubi
231 1606 393 1688 conspexit
417 1604 535 1668 Renum
558 1605 693 1668 initiatus
716 1603 795 1686 opud
819 1623 898 1688 eum,
922 1602 1041 1668 silendo
1063 1603 1225 1668 custodivit
1247 1602 1340 1666 in-to

156 1712 238 1776 dicte
262 1720 293 1777 et
314 1711 434 1797 iurovit,
457 1713 546 1777 sicuti
568 1712 713 1794 seriptum
738 1717 805 1775 est:
840 1713 962 1777 Iurooit
982 1714 1122 1775 dominer
1143 1731 1201 1774 nec
1218 1729 1299 1792 poe-

155 1819 266 1883 nitebit
286 1839 364 1882 eom.
409 1819 492 1883 Haec
514 1821 606 1903 igitur
627 1821 658 1882 in
681 1818 763 1882 bunc
786 1817 909 1883 modurn
933 1825 1094 1902 postquem
1118 1818 1301 1903 obsignavit,

156 1923 295 2006 pluribus
317 1921 429 1988 iebulis
452 1921 566 1985 delenit
589 1923 771 2006 perplures
794 1921 899 2008 libros,
922 1922 954 1988 e't
973 1925 1014 1987 ite
1038 1923 1077 1988 ed
1102 1924 1221 1987 Bonum
1241 1923 1302 1985 du-

155 2031 198 2093 cit
224 2030 347 2092 initiens
375 2037 489 2112 mystes
520 2028 726 2094 ineffabilibus
759 2033 919 2113 mysteriis.
971 2029 1033 2096 Sed
1065 2049 1105 2093 ne
1136 2047 1192 2111 per
1214 2029 1302 2112 pluro

154 2155 331 2222 pergarnus,
354 2155 394 2199 ex
415 2155 478 2201 nno
501 2138 567 2200 eius
590 2136 668 2200 libro
692 2135 856 2202 inedebilie
880 2137 1089 2221 ostendemus,
1111 2137 1163 2220 qni
1188 2144 1249 2221 est,
1269 2142 1340 2200 utto

154 2247 224 2329 ipse
246 2248 401 2328 opinetur,
435 2243 569 2309 illustris.
613 2245 668 2308 Hie
690 2252 791 2309 eutem
815 2245 992 2322 inscribitur
1011 2243 1152 2328 Beruch,
1184 2245 1215 2307 in
1239 2262 1301 2325 quo

154 2371 248 2416 unum
269 2350 308 2415 de
330 2351 431 2416 multis
453 2350 623 2416 iebulosem
647 2352 856 2416 nerretionem
880 2353 1049 2435 expositam
1073 2350 1111 2415 eb
1133 2369 1172 2416 eo
1195 2349 1302 2415 decio-

154 2459 308 2544 rebimus,
332 2477 412 2541 quoe
435 2465 481 2522 est
502 2457 582 2542 epod
604 2458 802 2544 Herodotum,
826 2477 915 2543 quem
938 2467 1082 2540 tenquom
1106 2476 1217 2521 novem
1234 2464 1302 2522 'nn-

155 2566 307 2631 ditoribue
328 2564 451 2630 oiiunde
474 2564 623 2629 detortam
650 2573 783 2653 enarret,
814 2584 854 2630 ex
875 2566 940 2648 ipse
964 2583 1086 2629 omnem
1110 2563 1217 2629 orbem
1241 2564 1301 2628 do-

155 2675 275 2738 ctrinae
297 2690 373 2737 suae
396 2671 465 2737 duci
487 2679 580 2740 retus.
1310 2691 1339 2740 ro

243 2821 295 2888 25.
339 2820 517 2886 Herodotus
553 2821 647 2905 igitur
677 2820 839 2886 Herculem
869 2827 975 2885 memet
998 2822 1036 2885 eb
1068 2819 1203 2906 Erythea
1235 2819 1301 2886 Ge-

14 2983 18 2991 .
154 2931 263 3014 rgouis
284 2935 420 3004 ermeute
443 2935 587 3012 egentem
611 2929 642 2992 in
666 2927 820 3012 Scythium
843 2929 976 3013 necnee,
996 2926 1110 2994 sessum
1128 2935 1299 3011 eutempe·

42 3093 48 3108 .
155 3035 346 3120 regrinendo
375 3036 406 3098 in
439 3034 594 3100 desertum
620 3035 721 3100 locum
745 3037 928 3120 degressum
952 3053 1117 3118 parumper
1139 3034 1301 3101 obdormi-

156 3146 255 3222 vicem
277 3161 387 3209 somno
410 3149 512 3206 eutem
533 3143 635 3224 sopito
659 3141 710 3206 iilo
734 3161 796 3209 non
819 3145 1030 3226 comperuisse
1052 3161 1162 3224 equum
1185 3146 1216 3206 in
1239 3162 1301 3227 quo

157 3250 293 3316 insidens
316 3251 438 3334 peregit
457 3249 583 3333 longum
605 3251 695 3314 viem.
747 3249 992 3335 Expergeiectus
1015 3258 1116 3316 eutem
1140 3253 1340 3333 quaestio-ro

157 3378 227 3424 nem
249 3358 383 3423 ieciebet
404 3359 435 3420 in
459 3355 583 3422 deserto
606 3355 803 3442 diligentem,
835 3360 973 3442 reperire
1002 3361 1148 3424 connisus
1181 3377 1303 3441 equum.

156 3465 328 3547 liternum
351 3463 473 3547 quidem
497 3481 560 3527 non
583 3463 718 3549 reperit,
749 3464 879 3548 puellam
903 3473 1004 3531 eutem
1029 3465 1182 3548 quendem
1205 3467 1303 3530 semi-

157 3573 308 3656 rirginem
329 3572 361 3634 in
383 3570 508 3636 deserto
532 3572 728 3652 conspicatus
750 3573 980 3658 interrogabat,
1014 3592 1053 3641 en
1075 3575 1154 3640 torte
1176 3573 1303 3639 vidisset

157 3697 278 3762 equum.
324 3677 427 3743 Pueiie
449 3684 549 3744 eutem
571 3677 730 3760 respondit
751 3697 786 3742 se
813 3679 927 3743 vidisse
950 3680 1092 3762 quidem,
1121 3698 1225 3762 neque
1252 3689 1303 3746 to-

157 3806 229 3851 men
250 3793 487 3850 monstraturum
510 3787 562 3870 itti,
584 3787 642 3852 nisi
665 3785 750 3869 prius
770 3786 800 3847 in
825 3785 1082 3851 consuetudinem
1097 3805 1203 3852 secum
1220 3805 1342 3857 eon-eo

156 3893 340 3979 grederetur
361 3893 520 3958 Hercules.
565 3891 660 3958 Erunt
683 3901 794 3978 eutem,
818 3899 851 3957 ut
876 3893 917 3958 eit
931 3893 1119 3978 Herodotus,
1142 3897 1302 3979 superiore

156 4003 224 4067 eius
246 3999 422 4085 inguinibus
445 4009 536 4065 tenus
558 4001 705 4086 virginis,
740 4017 831 4065 omne
864 4007 966 4064 eutem
993 4001 1071 4065 inire
1097 4019 1211 4085 corpus
1233 4008 1305 4084 post

154 4185 256 4244 boire
369 4189 414 4244 ³³.
433 4189 530 4260 ἅλαλα]
550 4188 617 4243 dito
636 4185 674 4243 G:
699 4187 794 4243 τ’ἅλλα
813 4205 888 4262 susp.
907 4185 937 4246 Μ
1008 4189 1049 4260 dd]
1067 4188 1114 4244 xci
1133 4183 1155 4242 C
1255 4187 1301 4242 3⁷.

154 4281 260 4352 καινήν]
279 4283 355 4348 ξένην
373 4276 395 4335 G
412 4279 442 4336 Μ
561 4282 606 4337 ³9.
634 4278 852 4336 dedoceaiiooC
966 4282 1011 4336 40.
1038 4298 1096 4353 sqq.
1134 4277 1177 4332 Gi.
1202 4275 1303 4332 Hero-

156 4373 229 4523 (ὲοὶ
233 4373 258 4437 4,
275 4373 379 4429 8-10
492 4373 538 4429 40.
555 4373 601 4429 41.
626 4372 761 4447 Ἐρυθρᾶς
784 4367 806 4428 C
830 4370 861 4429 Μ
974 4373 1019 4428 46.
1049 4372 1093 4426 rob
1108 4369 1172 4444 pair]
1189 4369 1232 4437 τῆς
1247 4368 1300 4443 μὲν
