3052 4984
585 329 773 392 denotatus,
1203 332 1267 400 429

125 503 239 571 perne,
270 489 396 576 plenus,
420 492 575 576 complens
598 513 726 582 omnes,
748 497 868 563 babens
890 500 921 563 in
938 508 1038 564 semet
1059 503 1137 586 ipso,
1162 522 1266 585 quaar-

128 611 252 675 cunque
275 597 366 662 otiam
387 597 481 663 bomo
503 599 611 687 babet,
634 611 722 686 pater
743 605 795 670 filii
817 605 960 672 bominis.

214 717 265 784 14.
308 721 417 787 Factus
439 727 533 808 igitur
556 734 603 790 est
626 729 773 814 mundus,
794 739 829 795 ut
848 731 944 812 inquit
967 731 1087 818 ldoses,
1114 751 1171 798 sar
1195 735 1305 800 die-aa

124 823 198 909 bus,
220 826 281 891 boc
305 837 350 894 est
373 849 431 896 sex
453 835 671 920 potestatibus,
695 854 775 918 quae
798 839 828 900 in
850 856 913 902 uno
939 841 1025 920 apice
1054 840 1174 906 litterae
1203 846 1266 909 iota

123 931 241 1014 insunt,
268 937 397 1018 septima
406 989 415 1023 ,
444 943 570 1022 requies
603 950 634 1006 et
665 943 843 1029 sabbatum,
872 945 910 1008 ab
943 945 1154 1034 hebdomade,
1185 969 1267 1032 quae

121 1037 182 1101 illic
204 1049 260 1122 est,
284 1044 364 1108 lacta
389 1053 436 1109 ast
535 1055 637 1114 terrae
652 1056 682 1113 et
695 1069 796 1132 aquae
814 1059 843 1116 et
862 1051 943 1136 ignia
965 1060 996 1117 et
1018 1057 1109 1137 atris,
1132 1075 1172 1119 ex
1194 1059 1265 1139 qui-

121 1142 179 1208 bus
203 1149 332 1214 mundus
357 1151 395 1214 ab
419 1156 506 1236 apice
530 1159 629 1223 extitit
652 1177 724 1224 uno.
769 1159 888 1222 Etenim
912 1168 942 1224 et
965 1162 1034 1226 cubi
1057 1171 1089 1227 et
1119 1163 1263 1228 octattdra

122 1259 153 1316 et
176 1258 350 1338 pyramides
386 1267 417 1323 et
445 1281 554 1328 omnes
587 1265 674 1329 bisce
704 1265 880 1329 consimiles
910 1267 1046 1352 formae,
1083 1286 1125 1331 ex
1154 1271 1303 1349 quibusto

121 1372 242 1430 constat
265 1367 362 1450 ignis,
386 1377 457 1451 altr,
481 1389 578 1455 aqua,
601 1381 703 1456 terra,
726 1392 743 1437 a
768 1374 904 1438 numeris
934 1375 992 1438 orti
1023 1381 1094 1436 sunt
1117 1391 1264 1456 compre·

19 1547 27 1560 ,
118 1474 225 1538 bensis
247 1475 279 1538 in
302 1474 353 1538 illo
377 1476 514 1557 simplice
536 1476 658 1543 litterae
681 1481 743 1544 iola
767 1484 873 1563 apice,
902 1483 954 1563 qui
979 1488 1028 1544 est
1056 1479 1136 1544 lilius
1158 1480 1263 1545 bomi-

118 1582 168 1644 nis
202 1582 334 1663 perlecti
366 1582 531 1664 perlectus.
592 1587 723 1660 Quando
756 1589 863 1673 igitur,
898 1588 1012 1672 inquit,
1042 1589 1158 1672 uirgam
1190 1587 1263 1652 dicit

117 1689 221 1753 bloses
259 1691 345 1754 uarie
375 1689 521 1772 vibratam
552 1692 589 1754 ad
623 1693 731 1777 plagas
761 1695 985 1777 Aegyptiacae,
1018 1713 1100 1776 quac
1129 1693 1263 1779 quidem,

116 1797 231 1881 inquit,
261 1805 333 1860 sunt
355 1805 516 1860 creaturae
544 1799 806 1886 perallegoriam
838 1801 917 1865 dicta
945 1799 1101 1884 symbola,
1130 1819 1193 1865 non
1222 1802 1302 1866 adoo

116 1905 219 1985 plures
243 1923 332 1986 quam
356 1905 463 1969 decem
486 1907 594 1991 plagas
619 1907 727 1971 lormal
752 1909 882 1992 uirgam,
917 1927 997 1990 quac
1028 1917 1074 1974 est
1105 1927 1184 1973 unus
1211 1909 1261 1974 ille

116 2031 207 2094 apex.
258 2013 395 2098 Duplex,
427 2016 510 2078 varia
539 2015 630 2099 baec,
660 2016 772 2099 inquit,
803 2022 851 2080 est
874 2015 1079 2100 decuplagus,
1109 2018 1262 2081 mundana

115 2127 267 2186 creatura.
313 2121 421 2186 Omnia
444 2125 524 2186 enim
548 2143 616 2187 curn
639 2125 853 2204 percutiuntur
873 2131 1063 2205 generantur
1085 2131 1117 2186 et
1131 2124 1261 2188 lruolum

114 2228 217 2292 ierunt
238 2229 331 2293 ueluti
355 2231 442 2296 vitea.
503 2230 600 2293 llomo
626 2249 666 2292 ex
688 2229 813 2294 bomine
837 2231 982 2314 erumpit,
1012 2232 1127 2315 inquit,
1158 2239 1187 2294 et
1209 2231 1260 2294 di-

114 2333 236 2398 vellitur
257 2333 348 2418 plaga
373 2333 504 2415 quadam
527 2341 703 2417 separatus,
731 2341 764 2397 ut
786 2333 839 2397 liat
861 2340 892 2398 et
914 2334 996 2398 dicat
1022 2336 1139 2417 legem,
1167 2353 1297 2416 quamue

113 2441 181 2504 tulit
202 2442 305 2504 bloses
335 2461 352 2506 a
384 2441 443 2507 deo
469 2451 636 2524 acceptam.
692 2443 865 2506 Secundum
900 2445 1017 2523 apicem
1050 2443 1132 2506 illum
1164 2462 1256 2507 unum

111 2547 164 2612 lex
187 2555 235 2612 est
257 2549 425 2633 decalogus
448 2549 617 2632 allegorice
649 2548 826 2630 significans
859 2547 960 2612 diuina
993 2547 1159 2613 uerborum
1188 2570 1259 2632 mp-

113 2660 217 2720 sleria.
262 2654 367 2720 Omnis
391 2659 489 2740 enim,
520 2658 632 2738 inquit,
663 2656 792 2718 scientia
826 2657 1038 2718 uniuersorum
1067 2655 1256 2740 decuplagus

112 2771 160 2828 est
183 2771 215 2828 et
236 2764 428 2847 decalogus,
461 2781 550 2844 qnam
575 2765 659 2826 novit
682 2779 773 2825 nemo
798 2779 923 2839 eorum,
958 2762 1009 2843 qui
1033 2763 1115 2825 circa
1138 2772 1256 2844 partum

110 2873 266 2936 muliebris
290 2871 519 2935 aberraverunt.
569 2871 627 2934 Vel
656 2870 682 2934 si
713 2868 951 2951 pentateuchum
980 2870 1064 2933 dicas
1091 2879 1184 2936 totam
1206 2871 1295 2938 le-ttt

110 2998 199 3064 gem,
223 2987 289 3044 orta
310 2986 356 3042 est
379 2998 397 3043 a
418 2979 550 3061 pentade
571 2979 600 3041 iu
624 2995 687 3040 uno
710 2977 763 3041 illo
787 2979 873 3058 apice
903 2979 1138 3059 comprehensa.
1190 2979 1256 3046 ’10-

111 3094 173 3150 lum
198 3093 316 3169 autem,
339 3088 456 3169 inquit,
481 3087 531 3168 iis,
564 3087 701 3167 quinon
726 3103 852 3166 prorsus
876 3086 1045 3166 perlectum
1070 3085 1184 3150 babent
1204 3089 1257 3151 in-

108 3194 282 3279 tellectum,
306 3203 353 3258 est
374 3193 571 3275 mysterium,
596 3210 709 3256 nouum
743 3199 775 3255 et
806 3191 890 3273 quod
922 3210 983 3256 aon
1007 3194 1181 3274 antiquatur
1204 3196 1255 3258 ic-

108 3309 204 3384 stum,
227 3302 299 3385 lege
321 3304 526 3384 constitutum,
554 3307 714 3363 aeteruum
737 3301 768 3363 in
791 3302 1012 3384 generationes
1036 3309 1169 3385 nostras,
1193 3302 1254 3366 do·

9 3445 10 3450 0
108 3411 179 3472 mini
202 3409 252 3474 dei
274 3407 404 3491 pascha,
435 3409 630 3472 observatum
654 3406 691 3472 ab
715 3407 768 3491 iis,
802 3410 854 3490 qui
876 3426 1007 3473 cernere
1030 3409 1149 3491 ualent,
1171 3411 1292 3476 inci-ro

105 3655 155 3708 dur
173 3647 213 3709 (Γ
323 3655 367 3709 64.
387 3652 402 3720 ἦ
419 3655 483 3726 pte]
503 3655 582 3726 ῑμία
600 3649 622 3706 C
640 3647 670 3705 Μ
815 3652 859 3705 66.
878 3651 1054 3722 πλασσόμενα
1073 3651 1095 3708 C
1208 3655 1253 3711 67.

105 3751 235 3810 dilaceras
252 3743 413 3818 Bosporus:
432 3749 546 3809 ἐξέσιιτιιι
565 3742 587 3799 C
605 3741 644 3802 Μ.
681 3741 823 3798 Sententia
842 3741 994 3798 Democriti
1013 3745 1085 3817 apud
1099 3743 1177 3800 Stob.
1189 3749 1252 3802 Fla-

105 3844 146 3895 n'l.
166 3838 213 3904 Vl,
232 3840 281 3893 57:
301 3841 429 3905 Ξυνοσσίη
448 3839 595 3904 αἰιοττληξίη
613 3837 725 3912 σμινρη·
754 3838 883 3898 ἐξέσσαται
907 3837 961 3910 γὰρ
981 3836 1128 3908 ἅνθρωπος
1151 3840 1178 3900 ἐξ
1204 3840 1251 3893 ἄν·

104 3933 226 4004 dpuirrco.
271 3929 416 4004 (Mullacb,
453 3933 582 4002 Fragmm.
611 3933 750 3984 Democriti
777 3927 829 3994 ΙΙΙ,
857 3931 901 3982 50.
933 3946 960 3999 p.
989 3929 1069 4001 tlt).
1107 3927 1250 4001 Roeperua

104 4026 149 4079 72.
168 4026 213 4080 73.
232 4020 376 4097 pompae
504 4024 548 4077 76.
575 4040 634 4095 sqq.
671 4019 712 4077 Gi.
739 4039 801 4076 curn
820 4020 862 4075 bia
887 4017 988 4075 2Mos.
1011 4021 1053 4074 12.
1204 4024 1249 4078 77.

104 4115 205 4172 aldor.
227 4117 268 4182 12,
290 4118 332 4170 11.
369 4115 459 4188 πάσχα
478 4115 530 4169 tort
547 4119 631 4187 κυρίῳ
651 4115 700 4186 (al.
718 4113 833 4186 κυρίαν).
871 4131 911 4167 ra.
925 4114 967 4171 14.
985 4113 1149 4180 11011αοιῆ
1164 4113 1249 4186 ἡμέρα

104 4209 165 4278 αὕτη
182 4208 356 4284 μνημόσιιναν
374 4208 421 4262 καὶ
438 4207 568 4279 lupariam
593 4207 673 4274 αὐτὴν
699 4207 790 4281 leprae
808 4211 892 4279 κυρίῳ
917 4209 954 4268 τῖς
977 4206 1066 4267 στάσας
1091 4206 1137 4267 τὰς
1157 4208 1250 4279 pararis

102 4302 191 4377 ὑμῶν·
208 4301 328 4376 νόμιμον
347 4299 458 4355 αἰώνιον
476 4299 606 4370 ἑορτάσαι
624 4298 713 4366 adria.
826 4299 871 4355 78.
882 4300 925 4354 79.
945 4296 1041 4352 21600.
1057 4298 1098 4361 12,
1112 4298 1138 4352 3.
1158 4299 1183 4352 6.
1212 4301 1249 4371 lp}

103 4395 195 4468 δεκάτη
212 4395 258 4449 τοῦ
274 4393 359 4466 μηνὸς
373 4391 464 4446 τούτου
482 4392 632 4460 λαβέτωσαν
650 4391 757 4453 ἕκαστος
773 4391 909 4463 αρόβατιιν
1013 4389 1069 4444 nat
1090 4391 1160 4443 larua
1183 4390 1249 4464 ὑμῖν

104 4489 317 4560 διατετηρημένον
334 4485 383 4548 ἔως
401 4485 443 4552 τῆς
461 4484 736 4557 τεσσαρεσκαιδεκάτης
753 4485 798 4538 τοῦ
814 4483 900 4557 μηνὸς
918 4483 1007 4538 rodaco
1024 4502 1049 4536 a.
1068 4500 1089 4535 r.
1106 4484 1129 4536 1.
