3052 4984
661 355 805 414 11031113.
1242 347 1301 414 141

162 519 284 604 cbasai,
305 527 578 604 tegumentumque
601 525 793 606 propriorum
817 537 955 585 erronum
984 535 1054 581 esso
1077 519 1224 603 speciem,
1247 539 1306 602 qua

163 626 223 711 legi
247 647 318 692 sese
341 629 489 712 applicet,
512 647 547 691 re
571 649 644 694 vera
669 638 768 694 autem
802 629 951 713 gnosticis
984 628 1103 710 placitis
1140 627 1187 691 vel
1217 631 1348 692 etiamto

163 735 359 820 astrologicis
381 737 560 820 artibusque
583 741 710 822 magicis
734 757 802 802 eum
824 735 1014 801 incumbere.

250 840 280 906 5.
325 841 455 916 Quinum
491 840 572 924 apud
607 842 740 908 ludaeos
780 844 840 906 slot
880 859 982 905 moros
1023 846 1160 924 quotque
1199 857 1308 908 eorum

164 945 366 1015 differentiae.

250 1117 282 1186 o.
324 1121 450 1186 ltultom
477 1123 571 1208 igitur
600 1142 669 1188 cum
702 1120 741 1186 de
772 1121 914 1187 omnibus
941 1119 1120 1186 haeresibus
1153 1129 1310 1186 certamen

164 1227 299 1292 extiterit
322 1229 428 1313 nobis,
450 1231 502 1312 qui
524 1239 610 1296 certa
633 1229 744 1294 nullam
767 1229 956 1293 irrefutatam
980 1229 1153 1316 omisimus,
1176 1233 1235 1294 tam
1256 1238 1350 1296 re-ts

164 1331 311 1418 linquitur
345 1335 508 1398 maximum
546 1343 704 1400 cacumen
740 1333 983 1398 enarrandarum
1020 1333 1312 1417 relutandarumque

167 1439 357 1516 haeresium,
380 1458 460 1522 quae
483 1449 589 1508 nostra
612 1448 714 1506 aetate
735 1443 987 1522 insurrexerunt,
1016 1459 1074 1524 per
1096 1459 1173 1524 quas
1196 1441 1312 1508 indocti

166 1547 289 1630 quidam
313 1554 344 1610 et
364 1549 519 1612 temerarii
542 1549 706 1614 ecclesiam
729 1548 898 1613 dilacerare
922 1550 1064 1632 aggressi
1091 1555 1180 1634 sunt,
1211 1550 1313 1614 maxi-

166 1675 244 1720 mam
267 1656 532 1738 perturbationem
561 1673 618 1739 per
647 1663 742 1722 totum
766 1656 910 1720 mundum
935 1656 1077 1721 omnibus
1099 1656 1239 1720 fidelibus
1260 1657 1313 1720 in-

165 1761 315 1826 licientes.
358 1762 462 1827 Placet
484 1763 564 1828 enim
587 1765 673 1828 utin
694 1766 895 1847 sententiam,
924 1781 1004 1846 quae
1037 1774 1146 1828 auctor
1166 1765 1352 1829 malorumto

167 1870 279 1954 extitit,
312 1869 465 1934 irruentes
497 1889 703 1954 coarguamus
724 1889 875 1954 quaenam
899 1871 966 1936 eius
989 1871 1139 1954 principia
1169 1873 1250 1955 aiut,
1280 1877 1314 1936 ut

167 1978 307 2042 turinnes
330 1978 397 2041 eius
420 1977 457 2041 ub
480 1978 621 2043 omnibus
645 1979 724 2042 beno
746 1979 863 2062 cogniti
886 1986 1131 2044 contemnantur.

254 2086 285 2148 7.
330 2085 436 2148 Extitit
458 2086 505 2148 uir
529 2085 666 2168 quidam,
695 2087 745 2149 oui
768 2103 882 2150 nomen
911 2085 1030 2170 Nobto,
1058 2103 1179 2170 genere
1208 2086 1316 2170 Smyr·

168 2207 275 2255 naeus.
319 2190 376 2255 llic
398 2191 566 2256 introduxit
589 2190 731 2256 baeresin
755 2211 796 2256 ex
817 2193 962 2258 Heracliti
984 2192 1119 2276 placitis3
1148 2195 1235 2260 auus
1255 2194 1316 2256 roi-

169 2300 265 2361 nister
287 2305 318 2362 et
341 2299 507 2380 discipulus
535 2299 566 2364 lit
598 2299 758 2384 Epigonus
787 2301 911 2382 quidam
942 2309 1091 2383 vocatus,
1119 2303 1171 2382 qui
1198 2301 1353 2366 Romaets

170 2403 289 2486 degens
312 2405 575 2487 superseminabat
595 2406 719 2488 impiam
744 2407 823 2470 illam
847 2409 1041 2474 sententiam.
1100 2408 1194 2472 Cuius
1219 2407 1315 2472 disci-

171 2513 259 2594 pulus
282 2513 381 2577 laetus
403 2513 606 2598 Cleomenes,
630 2520 662 2578 et
685 2515 745 2578 vita
772 2522 804 2578 et
825 2514 962 2578 moribus
986 2515 1104 2580 alienus
1123 2514 1160 2578 ab
1173 2513 1317 2598 ecelesia,

169 2619 393 2684 corroborabat
415 2620 606 2705 doctrinam,
635 2620 809 2704 zephyrino
839 2621 889 2686 illa
920 2629 1023 2687 aetate
1045 2639 1081 2686 se
1103 2621 1316 2686 administrare

170 2727 337 2790 arbitrante
360 2727 539 2810 ecclesiam,
570 2729 636 2790 viro
660 2727 787 2792 indocto
811 2735 843 2791 et
865 2731 961 2811 turpis
994 2728 1072 2793 lucri
1105 2729 1232 2811 cupido,
1263 2727 1316 2809 qui

169 2834 256 2899 lucro
282 2833 386 2898 ublato
402 2851 567 2916 persuasus
581 2833 761 2916 indulgebat
776 2835 971 2917 adeuntibus,
986 2845 1018 2900 ut
1030 2835 1207 2900 Cleomenis
1219 2835 1355 2903 disci-so

170 2942 233 3023 puli
253 2941 374 3026 tierent,
397 2950 429 3006 et
450 2942 517 3024 ipse
540 2941 666 3006 allectus
690 2943 884 3024 postmodum
908 2946 937 3008 in
961 2943 1069 3008 eadem
1094 2944 1220 3027 ruebat,
1245 2943 1315 3008 dum

171 3051 201 3112 ei
224 3049 383 3114 consultor
406 3056 437 3112 et
460 3049 581 3115 adiutor
603 3049 752 3114 malorum
775 3059 840 3114 erat
863 3051 1021 3130 Callistus,
1055 3053 1142 3115 cuius
1173 3052 1262 3114 vitam
1287 3059 1317 3115 et

172 3157 366 3221 adinventum
388 3157 531 3221 baerestn
557 3157 659 3240 paullo
688 3166 757 3240 post
786 3175 949 3240 exponam.
1007 3159 1120 3223 llorum
1149 3159 1317 3222 secundum

171 3265 402 3329 successionem
430 3267 598 3346 permansit
622 3265 728 3329 schola
760 3265 967 3330 corroborans
997 3283 1032 3328 se
1062 3274 1093 3329 et
1124 3282 1318 3349 accrescens,

172 3380 337 3456 propterea
361 3370 444 3456 quod
467 3375 512 3434 eis
536 3373 761 3436 auxiliabantur
782 3371 971 3456 zephyrinus
990 3380 1021 3437 et
1040 3372 1191 3451 Callistus,
1215 3379 1357 3456 quan-tt

173 3499 261 3562 quam
286 3499 344 3544 nos
367 3498 519 3562 nunquam
544 3499 660 3544 morem
685 3483 730 3542 eis
753 3481 927 3564 gessimus,
960 3479 1017 3543 sed
1047 3481 1235 3544 creberrime
1257 3479 1320 3543 ob-

172 3589 302 3653 stitimus
339 3589 385 3652 eia
424 3605 543 3670 eosque
581 3589 778 3671 coarguimus
807 3594 849 3682 et⁸
867 3589 980 3652 invitos
1011 3590 1171 3670 coegimus
1200 3589 1320 3650 verita-

175 3705 235 3760 tem
260 3695 417 3759 contiteri:
449 3698 501 3777 qui
531 3694 570 3759 ad
600 3703 719 3776 tempus
752 3694 875 3776 quidem
906 3693 1057 3776 pudentes
1085 3703 1117 3759 et
1143 3714 1162 3759 a
1191 3695 1320 3757 veritate

174 3806 275 3869 coacti
299 3803 545 3888 confitebantur,
575 3802 677 3886 paullo
704 3808 776 3886 post
802 3809 903 3865 autem
935 3801 974 3866 ad
1001 3802 1081 3865 idem
1108 3819 1240 3866 coenum
1262 3819 1320 3864 re-

175 3911 386 3977 volvebantur.
1328 3915 1358 3967 tt

174 4064 334 4123 Bussenius
487 4068 530 4124 l'l.
554 4067 758 4133 drumssdmiur
783 4062 805 4120 C
955 4063 997 4122 18.
1022 4062 1089 4118 πᾶσι
1108 4061 1173 4132 scir]
1196 4055 1320 4122 nrioirC

178 4163 220 4216 ts.
237 4161 291 4230 lui]
310 4160 366 4214 duri
384 4157 542 4215 Bussenius
692 4161 737 4215 24.
756 4155 902 4230 ni‘l’sipur
920 4152 943 4211 C
1093 4155 1139 4212 38.
1158 4151 1189 4216 ὃς
1206 4151 1259 4207 add
1277 4149 1319 4206 tt:

176 4257 205 4308 oi
221 4251 379 4308 Bunsenius
470 4253 515 4306 29.
534 4253 581 4308 30.
600 4247 754 4327 smptus]
773 4251 910 4324 Κλυμένῃ
930 4245 952 4303 C
1041 4247 1086 4302 31.
1105 4245 1241 4320 suppiles
1252 4241 1320 4316 prC

174 4347 408 4420 cururuyummri
428 4343 583 4401 bunseaius
661 4345 707 4400 32.
725 4339 806 4419 edepl]
826 4341 906 4396 abaci
923 4339 1078 4396 bunssnius
1162 4339 1208 4393 31.
1226 4339 1319 4390 curui·

175 4441 282 4512 putus]
291 4443 480 4510 camporum
490 4435 513 4493 C
525 4435 564 4493 ld.
589 4435 715 4492 Canem
736 4437 817 4492 etiam
832 4433 990 4490 Bussenius
1078 4431 1125 4488 33.
1137 4427 1321 4484 ammant-

175 4529 257 4588 mac
365 4532 410 4586 37.
422 4527 656 4605 usurpamus.
764 4531 809 4586 39.
827 4530 872 4584 db.
896 4524 939 4584 (11.
959 4521 1065 4580 obstr.
1083 4525 1110 4590 3,
1126 4523 1172 4578 22
1192 4561 1223 4578 ..
1247 4519 1321 4578 seius
