2920 4982
582 377 712 438 EssElil.
1170 364 1233 433 483

80 566 145 612 ram
169 555 286 630 partem
310 553 435 625 carent3
456 553 488 610 nt
510 565 587 610 vero
612 547 661 611 die
684 547 804 610 sabbati
827 544 864 607 ab
879 561 976 624 opere
998 560 1033 606 se
1053 541 1234 622 abstineam,

82 663 189 719 curant
212 658 309 739 magis
333 673 423 736 quarn
449 673 557 718 omnes
580 653 694 718 ludaei.
750 653 827 717 Nam
856 668 919 715 non
943 648 1042 714 solum
1066 647 1153 711 eibos
1176 647 1233 710 sibi

80 771 266 846 praeparant
283 781 345 827 uno
362 762 410 826 die
428 771 510 847 ante,
534 765 698 846 quominus
719 763 822 844 ignem
842 757 1024 840 accendant,
1044 756 1099 820 scd
1118 775 1159 819 uo
1179 764 1271 818 rasae

81 872 204 955 quidem
227 872 297 936 loco
320 879 463 948 movent,
499 889 601 954 neque
625 872 723 934 alvum
756 873 947 952 exonerant,
974 865 1110 930 nonnulli
1134 872 1234 928 autem

80 999 121 1044 ne
144 986 274 1064 surgunt
297 979 419 1062 quidem
442 996 460 1042 e
482 979 606 1042 lectulo.
659 977 798 1043 Caeteris
831 993 907 1040 vero
941 975 1047 1040 diebus
1076 973 1103 1036 si
1134 974 1233 1039 alvum

81 1105 255 1154 exonerare
277 1087 389 1171 velint,
417 1088 561 1152 scrobem
594 1087 734 1169 pedalem
764 1092 926 1169 postquam
956 1084 1100 1146 foderunt
1133 1089 1233 1146 rastro

81 1229 122 1242 -
154 1215 223 1261 narn
251 1197 320 1262 talis
355 1195 508 1279 quaedam
542 1195 694 1260 dolabella
727 1195 777 1259 illa
807 1201 869 1278 est,
899 1211 990 1275 quarn
1023 1192 1079 1276 iis,
1114 1191 1166 1274 qui
1195 1187 1233 1255 ad

81 1304 271 1388 disciplinam
295 1304 462 1387 accedunt,
487 1303 586 1387 primo
610 1303 799 1367 tradunt-
822 1297 1253 1382 circumtexeruntquepal·¹

78 1414 139 1499 lio,
162 1414 322 1478 subsidunt
345 1411 519 1476 dictitantes
543 1429 604 1475 non
628 1411 843 1476 contumeliam
866 1410 927 1473 luci
950 1427 1028 1494 esse¹
1050 1407 1232 1490 taciendam,

80 1521 196 1586 deinde
218 1520 362 1586 effossam
386 1527 499 1583 terram
523 1521 756 1602 superiuiiciunt
782 1520 814 1582 in
843 1518 1003 1602 scrobem,
1034 1517 1129 1601 idque
1152 1518 1232 1582 faoi·

80 1634 136 1692 unt
158 1630 310 1712 eligentes
332 1627 391 1692 sibi
413 1628 483 1693 loca
503 1627 684 1692 desertiora.
729 1627 788 1692 Ubi
805 1633 905 1691 autern
925 1624 955 1690 id
977 1626 1127 1711 lecerunt,
1150 1645 1231 1691 con-

82 1737 170 1800 tinuo
190 1737 364 1820 ablnuntur,
387 1735 475 1817 quasi
498 1737 617 1820 egestio
640 1735 765 1819 polluat.
1236 1733 1253 1784 ὅ

169 1843 221 1910 26.
267 1843 401 1908 bisereti
424 1850 525 1907 autom
548 1849 619 1908 sunt
647 1841 795 1927 temporis
824 1859 1012 1927 progressu,
1044 1859 1147 1925 neque
1170 1861 1231 1907 eo-

82 1948 154 2014 dem
178 1951 272 2018 modo
296 1950 484 2033 disciplinam
507 1950 704 2034 custodiunt,
728 1952 758 2014 in
782 1957 927 2032 quattuor
949 1958 1052 2032 partes
1076 1969 1145 2015 cum
1170 1951 1231 2014 sint

80 2058 182 2124 divisi.
227 2059 289 2125 Alii
318 2061 397 2124 enirn
425 2078 530 2124 eorum
566 2061 655 2124 nimis
685 2058 825 2144 religiosi
855 2064 942 2141 sunt,
973 2059 1013 2125 ita
1043 2065 1076 2123 ut
1104 2077 1144 2122 ne
1167 2077 1230 2124 nu-

79 2169 187 2234 misma
210 2167 331 2251 quidem
354 2175 501 2254 tractent,
525 2169 663 2233 dicentes
685 2187 748 2234 non
773 2173 920 2250 oportere
943 2185 1126 2250 quamquam
1149 2169 1230 2232 ima-

80 2277 186 2362 ginem
216 2295 319 2360 neque
352 2277 434 2341 ferre
473 2295 576 2360 neque
610 2284 753 2360 spectare
783 2295 886 2359 neque
919 2275 1085 2340 conficere.
1140 2275 1265 2351 Oua-1⁰

78 2393 208 2468 propter
229 2403 270 2449 ne
292 2383 464 2470 ingreditur
486 2385 609 2469 quidem
633 2388 663 2449 in
688 2385 832 2468 oppidum
857 2385 1017 2468 quisquam
1045 2404 1166 2470 eornm,
1190 2403 1229 2450 na

79 2513 137 2576 per
160 2500 280 2576 portam
303 2494 412 2580 intret,
446 2497 496 2559 cui
518 2503 638 2559 statuae
662 2495 825 2577 impositae
846 2496 923 2578 sint,
954 2496 1023 2577 quia
1047 2494 1136 2558 neias
1160 2513 1230 2560 esse

80 2601 260 2666 existimant
282 2604 338 2667 sub
362 2602 546 2687 imaginibus
569 2603 748 2684 praeterire.
795 2601 855 2665 Alii
885 2609 985 2664 autern
1021 2603 1072 2666 ubi
1099 2603 1230 2667 audire-

79 2715 152 2771 runt
174 2709 307 2792 aliquem
332 2709 371 2774 de
395 2711 454 2775 deo
478 2711 681 2775 disserentem
714 2710 842 2791 eiusque
871 2709 1009 2794 legibus,
1043 2711 1071 2774 si
1099 2729 1162 2775 non
1191 2713 1230 2776 sit

78 2817 295 2901 circumcisus,
326 2837 394 2882 eum
418 2819 656 2902 deprehenderit
684 2817 774 2882 talem
801 2816 955 2882 bominem
987 2817 1266 2906 abomiminati
1349 2881 1355 2892 Ι

78 2943 188 2988 necem
212 2925 433 3012 comminatur,
464 2927 523 2992 nisi
546 2927 799 3004 circumcidatur;
833 2927 899 3012 cui,
930 2927 988 2991 nisi
1012 2926 1229 3012 obtemperare

78 3033 168 3115 uelit,
192 3052 254 3098 non
277 3035 390 3119 parcit,
424 3037 515 3098 immo
540 3053 615 3100 vero
641 3043 672 3099 et
693 3034 828 3099 trucidat
850 3053 930 3099 eum.
984 3035 1086 3111 Quare
1109 3055 1148 3100 ex
1171 3053 1228 3100 ao-

80 3141 196 3206 cidenti
229 3160 406 3228 cognomen
441 3150 614 3227 traxerunt,
648 3143 776 3206 Zelotae
808 3142 969 3229 appellati,
998 3163 1015 3208 a
1047 3144 1228 3227 quibusdam

77 3257 178 3314 autem
202 3252 318 3317 Sioarii.
365 3250 424 3315 Alii
446 3257 547 3316 antem
571 3269 679 3314 eorum
702 3250 854 3314 neminem
887 3250 1042 3314 dominum
1075 3253 1228 3334 appellant

75 3365 201 3441 praeter
224 3358 324 3444 deum,
348 3360 467 3424 etiarnsi
485 3361 553 3443 quis
568 3377 623 3424 eos
633 3359 750 3422 cruciet
770 3358 928 3423 ueletiam
946 3362 1108 3426 interimat.
1137 3361 1268 3427 adaow

77 3510 159 3588 ζοιεν
182 3517 238 3578 cori
263 3517 355 3602 θεοῦ,
376 3516 575 3582 θακεύουσιν
592 3517 638 3593 εἰς
659 3513 767 3594 αὐτόν,
791 3517 899 3582 ἔναντα
920 3519 976 3602 aria
990 3516 1229 3603 ἀνορυχθεῖσαν

79 3625 140 3707 γῆν
161 3621 353 3708 ἐφέλκουσιν
371 3624 417 3700 εἰς
438 3626 493 3690 cdv
514 3623 655 3711 βόθρον,
685 3628 848 3690 καὶτοῦτο
872 3628 999 3690 ποιοῦσι
1021 3626 1093 3701 τους
1113 3626 1230 3715 ἐρημο-

81 3732 191 3813 τέρους
211 3731 328 3808 τόπους
349 3732 560 3817 ἐκλεγόμενοι.
617 3736 741 3819 Καίπερ
764 3732 800 3799 δὲ
823 3737 957 3819 φυσικῆς
978 3735 1073 3820 οὔσης
1093 3739 1146 3821 τῆς
1166 3740 1230 3801 τῶν

82 3841 270 3920 σωμαακιόν
291 3838 441 3924 λυμάτων
462 3841 644 3930 ἐκκρίσεως,
667 3840 893 3908 ἀπολούεσθαι
913 3839 977 3926 μετ’
998 3841 1097 3930 αὐτὴν
1118 3845 1229 3908 καθά-

75 3966 133 4030 περ
156 3949 390 4030 μεμιαμμένοις
411 3949 539 4033 ἔθιμον.

166 4051 214 4118 10.
260 4051 434 4144 Διῄρηνται
456 4055 493 4119 δὲ
516 4056 596 4119 κατὰ
625 4057 742 4142 χρόνον
770 4061 823 4143 τῆς
852 4055 1014 4144 α’σκῆσεως
1041 4058 1087 4134 εἰς
1113 4061 1228 4141 μοίρας

75 4159 248 4242 τέσσαρας·
288 4165 343 4224 καὶ
373 4165 522 4228 ιοσοῦιον
553 4161 585 4229 oi
613 4167 863 4250 μεταγενέστεροι
890 4169 953 4230 ario
977 4167 1228 4250 προγενεστέρων

73 4315 109 4374 G:
129 4319 297 4388 ἀποκινῆσαι
315 4340 390 4395 susp.
409 4321 439 4378 Μ
623 4325 748 4379 14-17.
776 4321 861 4380 [lueis
886 4323 992 4378 inclusa
1019 4323 1046 4377 in
1071 4319 1224 4394 Cprorsus

75 4408 165 4465 ablata
185 4419 257 4464 sunt.
273 4408 303 4465 Μ
486 4413 529 4467 16.
546 4411 714 4490 μιαινουοης]
733 4413 770 4487 μὴ
789 4413 914 4481 elbodone
933 4409 955 4467 C
1109 4412 1224 4468 18-30.

77 4497 227 4572 Sequentia
249 4518 304 4555 nou
324 4501 408 4558 babet
426 4501 570 4577 loaepbaa.
589 4503 619 4560 M
727 4507 772 4561 22.
792 4505 832 4576 lp'
851 4495 879 4578 ᾖ]
898 4503 938 4575 ἐφ’
958 4499 1030 4571 lp'rG
1178 4503 1224 4558 26.

75 4591 99 4646 al
113 4586 161 4665 μὴ]
180 4590 235 4662 alpad
255 4587 278 4646 C

867 4689 939 4757 31·
