3002 4958
318 329 543 389 unoculus.
566 327 802 386 xenosnsrtlts.
826 327 1032 386 soluturus.
1207 323 1251 387 29
1283 385 1292 392 .

102 501 207 559 natan
231 513 302 558 esse
324 513 415 576 quem
440 493 564 580 stellas2
584 509 656 556 esse
678 499 780 556 autem
801 493 902 556 lunam
926 493 1022 575 inira,
1055 491 1169 555 deinde
1191 508 1249 553 sn-

101 601 181 684 leun‚
211 601 360 683 deinceps
389 602 529 663 immotas
564 597 679 662 stellas.
747 599 894 662 Errantes
928 606 1027 662 autem
1056 598 1160 662 stellas
1191 615 1250 661 nec

102 709 187 789 ipsas
220 707 335 770 hebere
367 705 529 788 aequalem
562 705 761 770 altitudinem.
817 707 931 788 ligere
961 712 1062 768 autent
1094 704 1249 788 mundum,

104 815 210 878 donec
232 817 291 878 iarn
316 831 378 877 non
402 813 500 895 possit
518 815 711 876 extrinsecus
724 811 838 894 aliquid
854 829 1020 876 assumere.
1065 811 1119 874 llic
1129 811 1250 875 ridebat
1325 861 1331 870 .

102 923 223 1002 omnia,
251 929 395 1003 unquam
416 921 480 984 risu
504 921 618 1004 dignae
642 927 746 982 essent
768 938 820 982 res
842 919 994 982 humanae
1016 935 1132 983 omnes.
1257 941 1287 990 ω

191 1026 402 1111 Xenophanes
436 1035 537 1090 autem
572 1026 784 1108 Colophonius
818 1019 1015 1089 Ortlro'menis
1043 1023 1131 1088 lilius.
1194 1025 1250 1088 llic

101 1155 205 1217 nsque
227 1137 266 1200 ad
288 1135 401 1218 Cyrum
424 1136 507 1198 vixit.
560 1133 616 1196 llic
643 1135 757 1215 primus
787 1133 863 1199 dixit
886 1151 956 1198 esse
979 1131 1250 1214 incomprehensi-

102 1243 250 1306 bilitatem
275 1243 425 1325 onmium,
450 1240 496 1305 luis
520 1259 593 1304 usus
616 1242 735 1305 verbis:

146 1349 267 1412 Etenim
292 1349 318 1412 si
342 1349 391 1412 vel
414 1351 545 1410 maxime
562 1348 696 1429 attigerit
715 1347 847 1410 dicendo
864 1347 895 1410 id
908 1347 991 1430 quod
1006 1349 1173 1429 perlectum
1191 1355 1248 1432 est,

148 1455 220 1537 lpse
243 1462 344 1518 tamen
368 1472 430 1518 nnn
454 1455 553 1536 novit,
576 1453 713 1535 opinatio
729 1459 830 1516 autem
846 1453 940 1515 rebus
954 1456 983 1515 in
999 1454 1140 1517 omnibus
1156 1461 1288 1516 extatso

103 1563 186 1626 llicit
208 1569 311 1624 autern
345 1561 417 1624 nihil
439 1561 506 1624 lieri
536 1578 639 1641 neque
662 1561 765 1641 perire
793 1575 895 1640 neque
929 1561 1065 1642 moveri,
1098 1567 1129 1621 et
1156 1577 1248 1622 unum

102 1685 177 1732 esse
199 1669 377 1732 universnm
400 1671 474 1730 citra
498 1669 747 1731 conversionem.
798 1665 878 1729 llicit
909 1673 1009 1730 autern
1039 1669 1129 1730 etiem
1159 1665 1249 1730 deum

102 1792 177 1838 eme
201 1781 361 1838 aeternum
386 1781 417 1836 et
440 1792 531 1837 unum
556 1782 587 1837 et
609 1773 801 1855 aequabilem
826 1771 863 1835 ab
887 1773 970 1836 omni
991 1779 1080 1853 parte
1094 1780 1125 1835 et
1140 1773 1249 1836 termi-

103 1888 209 1944 natum
233 1887 265 1944 et
287 1882 490 1945 orbicularem
514 1886 545 1942 et
568 1880 709 1944 omnibus
734 1879 888 1961 particulis
910 1879 1095 1946 sensibilem.
1147 1880 1248 1945 Solem

103 1995 207 2051 autem
231 2007 272 2050 ex
293 1991 395 2070 parvis
417 1987 560 2072 igniculis
583 1988 821 2071 conglomeratis
845 1988 980 2052 existere
1013 1989 1135 2073 singulo
1166 2003 1287 2072 qun-cs

103 2111 168 2176 qne
192 2095 258 2175 die,
282 2104 394 2158 terram
418 2103 520 2158 autern
543 2094 689 2159 infinitam
714 2113 786 2159 esse
812 2104 966 2178 sineque
990 2096 1027 2158 ab
1051 2105 1124 2162 aere
1147 2115 1248 2178 nequo

104 2222 123 2267 a
146 2202 237 2265 caelo
260 2201 491 2284 conprehendi.
537 2203 573 2266 El
596 2202 729 2266 infinitos
752 2202 837 2266 soles
865 2221 937 2267 esse
959 2211 991 2265 et
1014 2204 1119 2286 lunas,
1148 2205 1248 2266 oxonia

103 2315 208 2372 actem
231 2325 304 2372 esee
328 2317 481 2374 exterra.
535 2309 591 2372 llic
619 2327 702 2373 unare
725 2310 837 2373 salsum
868 2310 944 2375 dixit
972 2318 1135 2392 propterea
1165 2311 1248 2391 quod

104 2415 257 2499 plurimae
286 2419 446 2486 mixturae.
467 2415 623 2480 conlluant
654 2418 684 2481 in
719 2435 773 2496 cc;
806 2417 1004 2480 Metrodorus
1035 2425 1149 2501 eutem,
1180 2421 1248 2499 qnia

103 2522 286 2604 percoletur
308 2542 365 2606 per
387 2529 510 2607 terrani,
534 2541 574 2586 ex
600 2542 639 2587 eo
662 2524 729 2587 lieri
751 2524 875 2586 salsum.
921 2523 1131 2604 Xenophanes
1148 2533 1288 2590 autento
1391 2529 1394 2536 '

104 2629 179 2693 olim
203 2631 343 2694 extitisse
365 2634 407 2694 eit
428 2631 590 2694 mixturam
613 2637 717 2694 terrae
741 2648 809 2692 cum
833 2631 925 2711 mari,
955 2648 1086 2711 eamque
1109 2636 1250 2710 tempore

101 2735 145 2800 ab
168 2735 294 2801 leonide
315 2737 446 2801 solutam
469 2753 556 2821 esse,
580 2737 658 2801 haec
680 2751 829 2819 promens
851 2737 1025 2800 sententiae
1049 2753 1125 2799 suae
1149 2735 1250 2797 docu-

103 2851 226 2906 nonu:
250 2845 280 2906 in
304 2843 404 2908 media
427 2852 509 2907 terra
533 2851 563 2908 et
587 2846 617 2907 in
641 2844 797 2908 montibus
819 2843 951 2926 reperiri
975 2841 1128 2925 conchas,
1158 2841 1250 2904 veluti

103 2957 138 3012 et
159 2949 322 3032 Synctrsis
345 2953 376 3013 in
398 2950 567 3032 lapicidinis
590 2951 663 3014 dicit
684 2957 840 3033 repertam
870 2969 940 3013 esse
969 2951 1132 3032 imaginem
1158 2949 1251 3030 piscis

104 3064 140 3120 et
161 3055 345 3140 phocarum,
377 3059 406 3120 in
428 3058 506 3122 Paro
530 3065 631 3122 nutem
653 3058 752 3122 insula
773 3059 937 3142 imaginem
961 3058 1098 3141 pisciculi
1127 3059 1158 3121 in
1187 3059 1289 3125 incas

104 3171 227 3247 monte,
259 3165 290 3226 in
313 3165 414 3229 llelita
438 3173 540 3230 autern
562 3171 681 3230 crustas
704 3167 881 3247 quorumvis
912 3166 1098 3229 marinorum
1130 3166 1250 3229 anime·

103 3270 190 3335 linum
236 3269 321 3334 llaec
343 3279 444 3335 eutem
468 3273 509 3337 eit
531 3273 611 3337 iacta
644 3289 734 3356 esse,
761 3257 830 3336 cnm
862 3275 963 3336 omnia
996 3272 1061 3336 luto
1096 3273 1250 3336 obvolve-

104 3383 217 3441 rentur
242 3377 332 3461 olim,
362 3379 525 3463 imaginem
549 3385 650 3442 autem
674 3381 704 3442 in
734 3379 800 3442 luto
831 3379 997 3443 arefactam
1030 3397 1117 3456 esse;
1148 3381 1251 3442 inler-

103 3485 157 3546 inri
180 3491 283 3546 auten
307 3502 415 3549 ornnes
438 3485 594 3570 homines,
630 3485 754 3568 quando
787 3495 869 3550 terra
893 3485 994 3551 delata
1023 3487 1055 3550 in
1082 3505 1168 3550 mare
1192 3487 1251 3550 ali-

106 3591 235 3671 quando
273 3589 365 3654 lutum
404 3593 532 3677 existet,
573 3592 688 3656 deinde
725 3609 831 3655 rursus
863 3593 999 3676 incipere
1034 3593 1118 3678 lieri,
1159 3593 1251 3675 idque
1262 3613 1290 3660 ιο

107 3697 252 3760 omnibus
276 3696 394 3762 mundis
418 3701 554 3762 existere
579 3699 757 3781 principium
782 3699 939 3763 nascendi.

194 3802 371 3904 Bcpltentus
400 3807 521 3886 quidam
552 3805 764 3888 Syracusanus
794 3806 870 3869 dixit
898 3823 960 3868 non
988 3805 1085 3868 licere
1108 3825 1251 3870 veracem

108 3927 219 3972 eornm
244 3927 324 3991 quae
346 3915 406 3977 sint
427 3931 542 3995 cepere
562 3913 767 3990 intellectum
797 3911 901 3975 delinit
924 3919 1041 3996 autem,
1065 3920 1096 3976 ut
1120 3915 1252 3998 quisque

15 4151 23 4162 ,
107 4099 152 4155 ts
174 4097 205 4154 si
224 4099 291 4172 qnid
309 4101 483 4158 tribuendum
510 4103 546 4158 sit
564 4101 772 4174 paraphrastes,
796 4103 939 4175 sequentia
965 4101 1046 4156 rerba
1066 4102 1146 4173 tipicis
1169 4101 1198 4154 di
1217 4099 1254 4160 ὡς

108 4195 210 4262 rapido
230 4192 261 4246 ad
272 4193 324 4264 pain
340 4195 430 4266 aparine
449 4195 619 4265 probationis
637 4194 700 4249 loco
719 4193 752 4247 ad
771 4193 863 4264 priora
882 4193 1027 4250 reserenda
1046 4203 1135 4256 erunt,
1154 4191 1252 4262 quibus

108 4277 271 4352 squaru·
291 4283 435 4340 dicebatur
454 4303 564 4341 omnem
582 4287 639 4341 reri
657 4287 821 4340 sententiam
839 4287 998 4350 sustulisse,
1017 4285 1081 4358 quia
1100 4281 1254 4352 unusquis-

109 4391 163 4446 que
183 4375 220 4430 ita
240 4375 358 4442 iudicet,
377 4385 459 4450 prout
477 4377 563 4448 ipsius
582 4377 652 4432 ierat
669 4377 763 4449 opinio
783 4377 840 4432 sire
864 4378 1010 4432 sententia.
1059 4371 1254 4442 suspirasse·

107 4467 182 4520 enin
201 4465 240 4522 ita
259 4467 357 4524 hebet:
377 4469 415 4525 dn
431 4471 631 4541 muscanea
645 4471 683 4544 peip
696 4471 767 4524 sirus
781 4469 882 4541 proicer
898 4470 983 4536 silandri
997 4467 1049 4521 sais
1067 4465 1255 4535 casertanus
