3056 4970
606 301 709 360 Sffl0ll
733 302 858 362 tintus
1240 298 1304 364 253

161 487 230 532 cnm
260 469 340 530 alter
370 478 501 550 opponet
528 487 678 549 superne,
712 489 792 552 poce
815 471 937 552 pelidem
959 479 1345 553 estmopnopotestos,1t

162 591 247 634 mens
268 573 491 650 senices-somn,
517 573 735 636 administrans
757 575 875 651 omnio,
898 594 1012 654 penore
1033 577 1191 650 mosoolo;
1228 577 1307 638 oller

161 682 262 738 notem
293 675 434 753 insesne,
463 677 668 759 intellipentio
689 695 819 757 mopno,
848 697 962 757 ponere
989 677 1144 756 femineo,
1176 681 1306 759 pionem

162 780 275 842 omnio.
336 767 420 842 Unde
445 781 663 860 respondentes
691 780 751 841 silei
783 781 915 843 invicem
945 782 1120 861 coniopiom
1142 782 1257 844 lobeni
1276 792 1308 845 et

162 886 293 947 mediam
315 885 493 948 distantiam
513 882 727 961 manifestent,
756 892 860 950 aerem
882 885 1224 965 incomprehensibilem,
1246 906 1305 949 ne-

162 1007 221 1069 one
253 989 443 1069 principium
463 1006 561 1068 neone
585 989 676 1067 finem
704 985 873 1051 lebentem.
923 989 959 1050 ln
987 989 1046 1051 ltoc
1075 999 1175 1052 colem
1204 999 1345 1071 patemo

163 1092 217 1172 poi
246 1094 375 1154 molinet
402 1093 506 1154 omnio
534 1099 566 1152 et
596 1093 653 1153 olit
687 1109 765 1172 quoe
791 1092 978 1172 principium
1009 1102 1040 1154 et
1063 1095 1154 1173 finem
1184 1092 1305 1158 labent.

162 1193 221 1258 llic
243 1204 289 1257 est
310 1197 363 1276 qni
383 1203 455 1272 slot,
477 1197 569 1272 stetit,
592 1194 693 1267 stabit,
716 1202 853 1274 poteslas
875 1213 941 1256 mos
961 1196 1053 1256 simsd
1073 1203 1104 1258 et
1123 1195 1305 1274 [ominoso-

163 1301 294 1362 cundom
316 1318 384 1362 eom
406 1318 485 1381 quoe
506 1307 600 1362 anteo
621 1300 724 1360 extitit
742 1306 921 1379 potestatem
943 1291 1111 1378 infinitam,
1134 1319 1213 1381 qetoe
1235 1301 1305 1382 qoi-

165 1406 233 1468 dem
254 1423 352 1486 neque
371 1405 558 1486 principium
579 1405 671 1468 nolet
698 1423 795 1486 neque
822 1406 930 1484 finem,
966 1424 1092 1491 comque
1124 1407 1158 1466 in
1191 1407 1306 1468 onitate

164 1517 359 1572 coementem.
415 1507 462 1572 ‘Ab
494 1509 554 1572 leco
575 1512 655 1571 enim
674 1527 843 1590 propresso
874 1527 953 1590 qooe
982 1517 1029 1570 est
1056 1510 1089 1570 in
1116 1511 1232 1572 onitate
1252 1512 1344 1571 ln-oe

164 1615 332 1694 tellipentio
360 1613 449 1692 [octo
479 1621 526 1676 est
557 1613 627 1677 dno.
681 1613 722 1674 lit
756 1613 808 1674 illc
836 1621 907 1675 erot
942 1631 1036 1690 onos,
1075 1613 1191 1676 tacens
1227 1615 1307 1676 enim

164 1717 248 1779 illam
270 1717 302 1778 in
328 1736 363 1779 se
393 1724 463 1780 eret
490 1717 592 1793 solos,
626 1734 799 1796 poemenem
830 1735 891 1778 non
918 1717 1053 1799 primos,
1087 1719 1205 1779 temetsi
1236 1725 1307 1779 onte

165 1822 310 1898 existens,
336 1820 551 1898 manifestatos
575 1827 675 1882 cotem
697 1821 759 1900 ipsi
781 1815 823 1882 eic
843 1839 877 1882 se
899 1822 966 1901 ipso
989 1822 1091 1884 ectitit
1112 1822 1201 1883 oller.
1244 1821 1310 1884 Sed

163 1945 201 1987 ne
228 1905 319 2006 poter
346 1927 465 2008 quidem
496 1926 668 2006 appellatos
689 1932 736 1986 est
756 1932 919 2005 antequem
940 1915 1019 2005 ipso
1032 1927 1115 1987 illnm
1137 1928 1308 2006 appelleret

160 2037 289 2110 petrem.
338 2029 375 2091 llt
389 2029 485 2110 ipitnr
500 2030 565 2108 ipsc
580 2029 786 2107 semetipsum
799 2047 857 2108 per
877 2046 911 2089 se
930 2029 1105 2108 producens
1121 2028 1345 2106 manifesto-so

162 2135 208 2194 oit
227 2133 466 2213 sibipropriom
493 2132 742 2212 intellipentiom‚
771 2132 817 2192 sie
839 2138 870 2192 et
889 2130 1087 2208 manifestato
1107 2133 1309 2213 intellipentio

162 2257 226 2300 non
243 2236 330 2315 fecit,
352 2237 411 2298 sed
432 2237 612 2316 conspicoto
633 2235 718 2296 illum
740 2235 935 2297 abscondidit
950 2243 1071 2316 patrem
1095 2239 1127 2298 in
1148 2256 1226 2314 sese,
1249 2237 1307 2300 lioc

163 2349 211 2403 est
228 2349 423 2422 potestaten,
456 2347 488 2401 et
507 2342 553 2402 ito
582 2348 628 2401 est
648 2338 920 2416 mmcnlofemineo
937 2349 1075 2421 potestas
1097 2342 1189 2403 etiem
1211 2343 1305 2404 intel·

164 2447 304 2527 lipsano,
336 2446 416 2506 unde
438 2443 500 2528 sibi
520 2445 650 2508 inoicem
670 2446 856 2525 respondent
877 2445 970 2520 (nilil
990 2447 1069 2506 enim
1090 2443 1194 2526 differt
1212 2455 1304 2526 pote-

162 2557 228 2611 stos
249 2549 289 2610 ob
311 2549 528 2629 intellipentio)
551 2550 695 2629 qooniom
715 2567 805 2611 onum
825 2557 903 2612 sont.
951 2549 1072 2612 Etenim
1094 2570 1136 2612 esc
1157 2552 1204 2632 iis,
1228 2570 1345 2632 queens

162 2661 366 2734 inspectent,
389 2654 542 2732 repetitor
562 2661 708 2733 potestas,
730 2672 772 2715 ec
794 2654 834 2714 iis
856 2661 966 2730 notem,
991 2673 1071 2734 quoe
1093 2653 1189 2731 infre,
1212 2657 1305 2718 intel-

164 2751 301 2839 lipentio.
345 2757 394 2819 lto
419 2758 515 2837 ipitm
535 2757 584 2832 lit,
614 2769 648 2818 m
667 2739 895 2834 manifestatum
918 2756 958 2818 ob
980 2759 1042 2819 illis
1064 2777 1138 2819 cnm.
1154 2753 1251 2821 onom*
1266 2760 1308 2820 sit

162 2867 336 2942 reperiotor
367 2861 499 2941 duplesc,
530 2853 817 2937 masculofeminas
847 2859 963 2922 labens
988 2858 1153 2937 femineam
1175 2863 1208 2923 in
1229 2880 1306 2925 sese.
1409 2935 1412 2940 1

162 2965 199 3028 ln
219 2965 300 3028 lonc
319 2966 440 3028 modom
458 2972 505 3027 est
524 2983 610 3026 mens
633 2966 666 3025 in
692 2965 912 3044 intellipentio,
945 2983 1024 3045 quoe
1051 2965 1191 3027 seionclo
1221 2983 1242 3027 o
1273 2984 1307 3027 se

163 3070 310 3147 invicem·
327 3089 395 3132 cnm
416 3070 478 3131 sint
497 3087 598 3151 onom,
621 3070 816 3149 reperientur
837 3068 907 3132 dno.
1315 3079 1345 3129 to

251 3171 301 3236 19.
346 3173 429 3236 Haeo
448 3172 541 3255 igitur
565 3179 755 3235 commentus
775 3171 884 3237 Simon
907 3188 968 3234 non
991 3169 1089 3234 solum
1112 3169 1191 3233 dioto
1214 3170 1307 3233 lllosis

164 3293 220 3357 per
239 3277 333 3340 moles
356 3283 437 3338 ortes
461 3275 590 3338 detorsit
613 3277 643 3337 in
667 3293 702 3336 es
726 3294 806 3357 quse
827 3274 932 3358 lubuit,
955 3273 1009 3336 sed
1033 3274 1122 3336 etiam
1137 3281 1305 3354 poetarum.

164 3379 282 3442 Etenim
312 3385 343 3441 et
370 3395 481 3459 equum
510 3377 646 3461 ligneum
675 3379 818 3442 aliorsum
848 3375 982 3440 deflectit
1009 3383 1039 3438 ot
1069 3375 1216 3440 Helenam
1238 3395 1307 3438 cum

166 3481 306 3564 lampedo
339 3489 370 3544 et
404 3482 462 3546 elin
495 3481 664 3564 permulta,
699 3493 779 3561 quae
809 3481 861 3544 illo
894 3481 1059 3544 traducens
1092 3481 1121 3543 in
1155 3499 1191 3542 eo
1228 3497 1307 3560 quoe

165 3587 321 3667 pertinent
343 3585 382 3648 sd
405 3603 440 3648 so
465 3592 497 3648 et
530 3586 566 3648 ad
598 3585 829 3669 intelligentiam
860 3586 1021 3649 fabuletur.
1092 3584 1169 3647 Esse
1204 3592 1346 3646 eutemtt

164 3690 244 3755 hono
266 3691 386 3754 dicebat
408 3710 496 3754 ovem
516 3707 596 3770 quoe
621 3690 789 3773 aberravit,
824 3706 904 3772 quoe
927 3690 1049 3772 quidem
1073 3677 1308 3770 semper'com-

165 3813 291 3859 morans
314 3797 344 3857 in
366 3795 542 3858 mulieribus
572 3793 714 3858 turbabat
742 3800 912 3876 potestates
944 3811 1023 3876 quoe
1047 3793 1169 3872 suntin
1195 3791 1308 3857 mundo

165 3947 207 4004 cl.
228 3947 366 4022 Epiphnn.
386 3951 466 4005 liner.
486 3945 608 4014 XXi‚³
716 3950 760 4005 59.
778 3952 822 4004 66.
840 3969 925 4022 penny
944 3986 1057 4004 .....
1078 3948 1252 4010 ..τὲαῦτοῢ
1271 3945 1307 4002 C:

164 4045 332 4115 psmryliom
358 4045 395 4103 sle
415 4041 446 4098 τὰ
469 4041 549 4098 etms
571 4039 602 4095 Μ
718 4044 761 4096 60.
787 4043 961 4114 πλασωλογεῖ
978 4039 1137 4111 Bosporus:
1170 4043 1310 4098 Itleionooc

161 4137 235 4206 tipo
246 4132 294 4189 Ὡς
311 4133 442 4205 ‚dindymi
460 4151 482 4186 s.
503 4131 663 4193 ἀποσπάσας
680 4134 749 4204 ttyn
769 4149 843 4204 susp.
858 4131 889 4187 Μ
923 4135 1015 4188 Ἐἶναι
1033 4121 1144 4205 δ’ἔλὲγε]
1162 4133 1225 4184 elo.
1246 4169 1253 4183 .
1273 4167 1280 4182 .
1301 4167 1307 4181 .

165 4229 202 4282 tre
222 4224 253 4281 C.
303 4222 346 4281 Gi.
371 4243 432 4280 cum
457 4222 501 4278 hin
527 4232 555 4278 et
582 4223 761 4296 sequentihus
787 4217 852 4278 iust.
878 4223 959 4279 Mart.
987 4227 1037 4295 Ap.
1055 4221 1076 4287 1,
1094 4224 1139 4276 26.
1162 4240 1189 4293 p.
1209 4223 1253 4276 69.
1273 4218 1307 4273 Ε.

165 4316 239 4372 iren.
259 4339 282 4374 c.
302 4315 406 4383 loer.l‚
425 4319 469 4381 2³,
488 4317 572 4388 2sqq.
592 4319 709 4370 llassu'et.
760 4313 928 4372 Theodorei.
949 4321 1050 4372 lleeret.
1065 4318 1122 4384 sel.
1142 4313 1162 4380 l,
1182 4315 1205 4368 1.
1235 4311 1309 4385 Epi-

165 4409 247 4481 phen.
271 4413 347 4466 lloer.
368 4407 452 4474 xxi,
471 4409 498 4462 2.
517 4410 544 4462 3.
891 4413 895 4422 ‘
