2920 4982
362 346 649 408 monstrante:
694 345 902 406 tuhosot’ttt.
1142 340 1206 406 497

51 509 154 575 rnndo
177 509 314 576 delinitio
337 531 412 578 vera
435 516 574 578 existens
597 520 629 577 et
643 514 779 598 ingenua
797 522 827 578 et
847 514 980 599 sincera,
1002 531 1093 598 qnae,
1115 512 1247 588 dnm-15

52 619 154 685 inodo
188 621 379 706 apparuerit,
416 621 562 687 refutabit
597 639 747 688 errorem.
806 620 898 686 Cuius
934 621 992 685 etsi
1028 620 1210 701 saepissime

51 727 212 793 rationem
246 731 423 812 aperuimus
452 731 592 812 satisque
629 730 767 794 veritatis
799 730 940 813 regulam
972 728 1141 792 liberaliter
1173 725 1210 790 iis

54 835 109 918 qui
137 835 246 902 volunt
267 837 474 902 ostendimus:
504 835 562 902 sed
592 844 696 902 tamen
726 853 809 901 nunc
842 836 934 901 etiam
965 853 1029 900 nnn
1059 835 1209 900 absonum

54 943 198 1009 arbitrati
229 961 335 1009 sumus
360 952 430 1027 post
460 944 562 1008 omnia
584 944 772 1010 Graecorum
797 949 829 1009 et
850 942 1076 1008 haereticorum
1099 941 1209 1026 placita

54 1056 205 1136 tanquam
228 1053 383 1136 fastigium
406 1051 552 1116 librorum
581 1050 660 1118 hanc
692 1051 807 1118 afferre
834 1051 1131 1118 demonstrationem
1154 1067 1248 1132 perro

55 1157 213 1226 decimum
241 1159 363 1226 librum.

146 1265 178 1334 6.
224 1267 384 1350 Complexi
408 1265 501 1350 igitur
523 1269 658 1331 omnium
681 1265 763 1352 apud
787 1267 924 1333 Graecos
946 1265 1117 1350 sapientum
1139 1264 1210 1350 ple-

55 1375 119 1439 cita
143 1375 176 1440 in
199 1383 344 1459 quattuor
365 1375 466 1459 libris,
496 1393 534 1440 ea
563 1383 682 1460 antem,
712 1393 793 1457 quae
819 1374 1048 1440 haeresiarchis
1079 1373 1209 1456 placue-

54 1489 131 1548 runt
153 1485 184 1548 in
208 1484 364 1568 quinque,
391 1483 451 1548 iarn
474 1482 612 1548 reritmis
640 1482 812 1549 doctrinam
844 1483 875 1547 in
902 1499 967 1548 uno
1000 1480 1209 1567 ostendemus,

56 1589 303 1673 recapitulantes
325 1591 454 1675 primurn
478 1591 614 1655 omnium
636 1590 757 1674 placita.
807 1589 997 1655 Graecorum
1021 1589 1103 1655 enim
1126 1588 1247 1672 dog-ca

58 1696 205 1762 nuntiatae
227 1717 295 1763 curn
317 1695 541 1781 philosophiam
564 1696 710 1788 trilariam
735 1695 910 1783 diviserint,
940 1698 982 1762 ita
1005 1687 1209 1781 philosophati

56 1810 148 1890 stant,
172 1805 223 1870 alii
245 1803 412 1890 physicen,
445 1804 497 1868 alii
520 1803 660 1888 ethicen,
693 1803 744 1870 alii
773 1803 957 1870 dialecticen
986 1813 1209 1890 nuncupantes.
1348 1793 1351 1800 ’

56 1909 99 1976 Et
121 1913 173 1996 qui
196 1911 361 1998 physicen,
384 1911 510 1978 luerunt
530 1911 576 1998 bi,
611 1913 643 1976 in
673 1909 755 1978 hunc
782 1923 883 1980 autem
910 1912 1035 1978 modum
1068 1914 1209 1997 disputa·

58 2024 187 2084 verunt:
210 2018 298 2084 alteri
321 2037 362 2086 ex
383 2038 446 2086 uno
469 2021 571 2085 omnia
594 2016 647 2104 (se.
670 2019 927 2106 generaverunt),
957 2019 1045 2086 elteri
1074 2041 1115 2086 cx
1137 2019 1209 2105 plu-

54 2123 165 2208 ribus3
189 2134 220 2192 et
243 2146 284 2192 ex
304 2127 359 2211 iis,
390 2127 441 2210 qui
464 2144 504 2190 ox
525 2143 606 2212 uno,
641 2126 730 2191 alteri
762 2146 800 2191 ex
831 2127 912 2192 nulla
944 2128 1089 2210 qualitate
1113 2145 1246 2212 prae-to

57 2233 143 2318 dito,
166 2235 254 2300 alteri
277 2235 439 2318 exaliqua
463 2234 603 2320 praedito
626 2235 786 2317 qualitat03
813 2243 845 2298 et
866 2252 906 2298 ex
928 2235 980 2321 iia,
1008 2235 1060 2320 qni
1083 2255 1125 2300 ex
1149 2238 1208 2301 ali-

59 2360 120 2426 qua
143 2342 284 2427 praedito
308 2343 466 2430 qualitate,
489 2342 540 2408 alii
563 2361 605 2408 ex
626 2342 711 2428 igne,
734 2342 784 2408 alii
807 2361 849 2407 ex
871 2349 956 2427 adro,
978 2345 1030 2408 alii
1054 2363 1095 2408 ex
1117 2364 1208 2430 aqua,

59 2449 113 2514 elii
135 2467 155 2513 e
176 2456 279 2531 terra3
303 2456 334 2514 et
356 2469 397 2514 ex
419 2451 471 2534 iis,
493 2449 545 2534 qui
569 2467 610 2513 ex
632 2450 787 2536 pluribus,
816 2449 905 2515 alteri
935 2469 977 2515 ex
1005 2452 1207 2517 numerabili-

59 2559 136 2644 bus,
160 2559 248 2624 alteri
271 2577 312 2623 ex
334 2558 475 2638 infinitia3
507 2563 539 2622 et
567 2577 608 2623 ex
637 2557 693 2642 iis,
724 2557 777 2640 qui
806 2559 1128 2642 enumerantibus,
1159 2560 1208 2626 alii

62 2685 103 2732 ex
126 2665 264 2750 duobus,
286 2667 337 2731 alii
360 2673 584 2752 etquattuor,
616 2666 667 2730 alii
691 2684 732 2731 ex
754 2667 908 2754 quinque,
930 2668 980 2732 alii
1004 2687 1140 2750 exse13
1175 2675 1243 2735 etta

62 2792 103 2839 ex
124 2775 178 2860 iis,
200 2775 253 2858 qui
275 2793 316 2840 ex
337 2774 476 2859 infinitis,
499 2773 588 2839 alteri
610 2793 651 2840 ex
672 2773 822 2840 similibus
853 2794 960 2843 eorum
991 2795 1073 2861 qnae
1103 2795 1207 2861 gene-

60 2889 184 2968 rantur,
207 2883 294 2949 alteri
318 2901 359 2948 ex
381 2881 594 2964 dissimilibus;
628 2890 661 2950 et
681 2901 722 2948 err
743 2881 790 2948 his
811 2884 898 2952 alteri
920 2903 960 2949 ex
981 2885 1205 2972 impatibilibus,

63 2993 148 3057 alteri
171 3012 212 3058 ex
234 2991 417 3076 petibilibus.
461 2991 510 3058 Ex
532 3008 666 3076 corpore
688 2993 781 3078 igitur
799 2993 881 3058 nulla
896 2994 1041 3076 qualitate
1063 2994 1205 3078 praedito

62 3119 163 3185 eoque
195 3120 258 3166 uno
290 3101 495 3168 universitatis
526 3102 678 3186 originem
706 3103 933 3168 constituerunt
960 3104 1066 3170 Stoici.
1115 3103 1205 3168 Prin-

63 3275 156 3362 ulida
176 3293 212 3361 ds
232 3297 308 3382 γῆς·
330 3297 385 3360 καὶ
405 3295 469 3360 aar
489 3293 526 3359 ds
547 3291 708 3360 πλειόνων
727 3293 760 3360 οἳ
773 3291 1093 3383 μὲνέξοῖρνθμητῶν,
1115 3292 1148 3361 oi
1169 3296 1205 3362 dd

62 3401 97 3482 ἐξ
115 3401 273 3491 ἀπείρων·
305 3405 361 3467 acl
390 3404 455 3468 τῶν
486 3401 523 3482 ἐξ
550 3399 740 3490 οἷονθμοαὸν
762 3400 794 3468 oi
812 3405 874 3488 μὲν
894 3402 931 3468 ta
952 3401 1030 3483 δύο,
1060 3401 1093 3469 oi
1114 3402 1148 3469 d'
1169 3403 1206 3468 ds

62 3509 233 3598 τεσσάρων,
257 3505 289 3576 oi
310 3508 396 3577 δ’ἐκ
416 3511 524 3588 πέντε,
557 3506 590 3576 oi
611 3507 697 3590 δ’δξ
717 3511 768 3590 ἐξ·
791 3512 845 3575 καὶ
866 3513 931 3576 τῶν
950 3510 988 3591 ἐξ
1008 3509 1152 3599 ἀπαίρων
1173 3511 1205 3578 ci

62 3621 119 3704 pio
139 3619 175 3698 ἐξ
196 3617 317 3704 ὁμοίαν
337 3628 402 3696 τοϊς
421 3619 648 3704 γεννωμένοις,
678 3613 711 3684 oi
732 3617 768 3683 di
790 3617 827 3697 ἐξ
848 3609 1026 3703 ἄνομοίαν·
1056 3623 1110 3684 καί
1131 3618 1205 3686 wai-

63 3749 122 3792 των
140 3725 172 3793 oi
192 3731 254 3812 μὲν
272 3727 309 3808 ἐξ
330 3725 495 3808 ἀπαθῶν,
529 3723 563 3793 οἷ
585 3725 620 3792 d’
640 3725 677 3793 ἓν
696 3729 865 3814 παθητῶν.
916 3724 970 3805 Ἐξ
996 3725 1116 3794 ἀποίου
1144 3732 1205 3813 μὲν

64 3833 120 3902 οὖν
139 3840 193 3902 aar
213 3835 286 3912 ἑνὸς
316 3835 459 3922 σώματος
488 3834 545 3923 τὴν
569 3836 633 3901 τῶν
664 3833 751 3901 ὅλων
780 3831 994 3923 ὑπεστήσαντο
1019 3839 1144 3917 γένεσιν
1173 3833 1205 3902 oi

67 4047 133 4117 CM,
150 4049 197 4123 qui
215 4047 256 4103 ivi
275 4046 421 4120 legendum
441 4064 504 4104 essa
522 4055 602 4121 putat
714 4047 761 4102 29.
780 4063 840 4120 sqq.
861 4043 941 4114 Quae
953 4055 1115 4120 aequantur,
1131 4045 1204 4104 hau-

65 4153 102 4200 sta
120 4152 183 4199 aunt
203 4159 236 4198 aa
255 4139 340 4198 Sesto
359 4137 510 4217 Empirico,
529 4141 609 4198 onius
627 4137 710 4195 rerba
729 4140 815 4196 textui
831 4141 1029 4213 supposuimus
1112 4139 1158 4196 31.
1176 4138 1204 4193 la

64 4233 147 4314 acroi]
166 4237 194 4291 is
212 4235 355 4292 reducenti
373 4233 394 4291 G
414 4234 444 4292 Μ
558 4235 604 4289 33.
617 4235 663 4290 34.
682 4234 708 4288 ol
725 4233 755 4288 dt
771 4235 799 4298 ἐξ
817 4231 950 4305 ἀπείρων·
969 4233 1015 4288 xci
1032 4233 1083 4288 adr
1100 4234 1128 4296 ἐξ
1145 4231 1205 4304 rips-

64 4329 176 4408 dpoproir]
196 4326 282 4385 0an
364 4331 409 4386 ³5.
428 4331 475 4388 36.
497 4322 688 4404 γεννωμένοις]
706 4329 863 4402 γενομένοις
879 4323 931 4382 CM
1032 4327 1076 4382 36.
1096 4324 1204 4396 τούτων]

64 4425 126 4498 πρὸς
154 4423 254 4486 τούτοις
285 4419 336 4478 (ΞΜ
560 4421 606 4478 37.
640 4419 776 4488 nudarer.
826 4419 871 4484 Ἐξ
901 4414 1011 4495 ἀποίου]
1042 4419 1203 4486 παθητικῶν.

65 4520 160 4574 {inemo
186 4513 257 4573 GM

868 4612 912 4678 32
