3006 4976
442 323 605 382 Abottttt.
652 325 965 386 tstaotttttosot’ttt.
1220 321 1281 388 lib

136 486 241 550 edocti
264 503 367 566 neque
391 488 428 550 ab
452 487 525 567 ipsis
553 489 756 553 turbabuntur
784 498 928 573 tanquam
957 485 1076 573 ignari,
1106 508 1209 572 neque
1242 492 1280 556 ab

138 593 288 674 aliquibus
310 592 500 656 seducentur
522 597 610 676 quasi
633 599 662 659 ui
681 597 811 679 quadam
835 598 1009 682 agentibus,
1031 597 1088 662 sed
1108 601 1197 662 etiam
1216 617 1281 682 eos,
1305 645 1310 656 .

139 699 191 780 qui
213 699 321 764 seduci
344 717 379 764 se
401 702 569 783 patientur,
591 702 756 768 carebunt.
1290 725 1320 774 ao

225 806 277 871 46.
319 805 475 888 Expositis
507 807 601 890 igitur
629 818 775 890 quantum
798 811 873 874 satis
895 811 950 894 iis,
982 828 1061 892 quae
1083 811 1198 893 placuit
1220 829 1281 874 ex-

139 913 231 997 poni,
273 915 332 976 iam
369 913 407 980 ad
439 917 598 979 consilium
632 916 715 998 quod
743 919 937 1000 propositum
971 925 1018 980 eet
1048 917 1279 998 exsequendum

138 1026 339 1102 transeamus,
363 1027 396 1084 ut
418 1021 627 1086 demonstrato
652 1022 736 1104 quod
757 1025 970 1086 constituimus
990 1022 1030 1086 de
1047 1022 1230 1088 haeresibus
1251 1031 1282 1088 et

141 1135 260 1212 coacto,
282 1134 315 1190 ot
337 1128 466 1212 singuiis
489 1145 544 1192 sua
567 1129 751 1211 reddantur,
783 1129 885 1193 nudos
914 1129 1148 1194 baeresiarcbas
1171 1137 1283 1194 osten-

141 1233 268 1318 damus,
309 1241 340 1296 et
362 1234 483 1298 inscitia
506 1235 743 1318 obsequentiam
765 1236 959 1302 manifestata
983 1235 1202 1320 compellamus
1226 1249 1321 1302 re-to

142 1338 208 1404 dire
239 1338 277 1404 ad
308 1342 445 1406 ueritatis
475 1359 620 1406 serenum
649 1349 779 1424 portum.
832 1344 900 1417 Ouo
929 1350 1029 1407 autem
1060 1346 1214 1426 apertiora
1245 1363 1283 1408 ea

143 1463 221 1528 quaa
244 1447 375 1512 dicenda
398 1455 470 1513 sunt
491 1449 660 1514 lectoribus
684 1457 866 1534 appareant,
888 1450 991 1532 placet
1009 1451 1100 1514 etiam
1123 1469 1177 1536 ea,
1201 1469 1282 1534 quae

143 1553 181 1618 ab
203 1554 301 1620 Arato
332 1555 489 1620 elaborata
520 1563 591 1620 sunt
619 1555 658 1619 de
689 1557 868 1620 caelestium
896 1558 1030 1622 siderum
1062 1560 1217 1642 positura,
1251 1559 1282 1622 in

141 1661 274 1726 medium
297 1663 439 1744 prolerre
448 1713 456 1750 ,
488 1663 738 1745 quandoquidem
767 1663 890 1746 qnidam
919 1683 988 1728 oum
1011 1663 1151 1729 doctrina
1173 1681 1282 1728 saonae

142 1771 312 1851 scripturae
334 1777 549 1852 comparentes
571 1771 621 1835 illa
644 1789 769 1836 sensum
789 1771 966 1856 depravant,
990 1771 1143 1837 seducere
1161 1779 1320 1838 mentesto

143 1895 249 1940 corum
275 1859 441 1958 pulmunes
463 1879 613 1960 praebent
628 1879 742 1962 conati,
765 1895 834 1942 oum
848 1877 1282 1961 persuasibilibusrationibus

143 1982 277 2048 alliciunt
300 2001 356 2048 eos
379 1984 419 2048 ad
442 2003 523 2065 quae
545 1985 666 2070 uolunt,
695 1985 863 2049 inauditum
886 1985 1095 2068 spectaculum
1119 1993 1282 2052 ostentan-

142 2097 198 2175 tes,
222 2093 309 2172 quasi
331 2093 419 2156 caelo
443 2091 544 2156 delixa
567 2095 627 2157 sint
650 2111 730 2176 quae
750 2091 892 2172 tradunt3
914 2093 964 2158 isti
983 2101 1085 2157 autem
1103 2091 1172 2156 fixis
1185 2095 1215 2157 in
1229 2094 1280 2156 in-

142 2197 276 2261 auditum
303 2199 512 2281 spectaculum
542 2200 640 2264 oculis
662 2219 810 2264 vanorum
833 2201 981 2264 mirantes
1004 2201 1165 2280 capiuntur
1186 2201 1282 2263 instar

143 2305 224 2388 avis,
248 2323 328 2386 quae
350 2313 480 2370 vocatur
501 2305 595 2388 bubo,
622 2308 709 2370 caios
731 2305 829 2370 simile
852 2307 997 2370 conuenit
1021 2305 1133 2370 allerra
1156 2313 1318 2388 propteroa

143 2425 182 2473 ee
204 2427 285 2490 quae
307 2411 430 2476 instant.
479 2410 535 2474 Est
557 2418 658 2475 autern
682 2409 793 2474 animal
815 2409 876 2474 boc
902 2429 965 2474 non
989 2409 1112 2474 multum
1136 2410 1281 2475 dissimile

143 2516 264 2597 aquilae
279 2533 381 2598 neque
399 2519 609 2600 magnitudine
631 2536 732 2600 neque
746 2516 864 2602 ligura,
886 2518 1004 2599 capitur
1022 2525 1123 2580 autem
1145 2517 1177 2579 in
1199 2517 1281 2580 bunc

142 2622 276 2685 modom.
319 2622 444 2705 Auceps
461 2642 529 2687 cum
548 2623 620 2688 vidit
637 2632 790 2688 catervam
808 2623 910 2705 aliquo
929 2623 960 2684 in
982 2622 1053 2687 loco
1077 2622 1280 2706 desidentem,

144 2747 184 2792 ax
212 2729 386 2814 longinquo
417 2731 599 2794 concutiens
630 2747 737 2794 manus
759 2729 872 2793 saltare
893 2748 929 2794 se
952 2728 1072 2792 simulat
1095 2737 1125 2792 et
1146 2729 1177 2791 in
1199 2728 1280 2791 bunc
1390 2796 1394 2805 ,

142 2834 264 2898 modom
286 2835 440 2918 paullatim
463 2837 689 2919 appropinquat
704 2835 821 2920 auibus,
844 2835 914 2898 illae
931 2841 1031 2899 eutem
1051 2835 1320 2915 obstupctactaeu

142 2943 276 3027 novitate
294 2943 462 3024 spectaculi
476 2943 515 3006 ad
532 2946 632 3008 omnia
648 2945 832 3008 caecutiunt.
865 2942 1033 3005 bliiaotem
1052 2960 1092 3003 ex
1106 2942 1153 3022 iis,
1176 2943 1227 3023 qui
1243 2943 1279 3004 ad

141 3054 296 3130 captorem
318 3051 417 3130 parati
438 3057 517 3132 sunt,
540 3069 557 3114 a
579 3045 944 3132 targo'superyenicntes
967 3065 1041 3112 aves
1054 3047 1139 3111 oollo
1153 3049 1281 3131 negotio

141 3155 413 3238 comprehendunt,
436 3173 505 3220 oum
522 3156 767 3237 contemplantur
781 3155 970 3220 saltatorem.
1001 3155 1195 3236 Quapropter
1206 3173 1281 3236 pne-

141 3279 207 3346 oon,
229 3279 269 3326 oa
292 3263 360 3344 quis
378 3263 524 3327 similibus
548 3263 730 3346 spectaculis
747 3261 978 3345 obstupefactus
993 3262 1111 3324 caelum
1125 3263 1281 3343 interpre-

140 3369 266 3433 tantium
283 3369 523 3434 instanbubonis
535 3370 715 3434 ludificetur.
758 3370 884 3436 Saltatio
903 3369 983 3434 enim
999 3375 1030 3431 et
1051 3387 1154 3452 nugae
1178 3368 1279 3433 talium
1291 3381 1321 3431 ao

141 3475 219 3540 mala
241 3475 326 3542 bans
348 3483 379 3540 et
402 3494 465 3540 non
486 3477 611 3541 renites.
657 3476 708 3541 tto
731 3477 824 3560 igitur
846 3477 959 3540 Aratus
979 3476 1010 3538 in
1033 3473 1114 3537 bunc
1137 3473 1279 3538 modum:

184 3582 256 3648 lllae
279 3584 367 3647 simul
390 3583 564 3666 multaeque
586 3589 617 3646 et
639 3583 782 3647 aliorsum
807 3582 885 3648 aliae

177 3689 216 3776 ,lo
239 3692 327 3755 caelo
350 3697 510 3754 reduntur
531 3708 588 3772 par
610 3707 719 3755 omnes
743 3689 810 3755 dies
832 3695 983 3771 perpetuo
1007 3685 1076 3771 [boo
1091 3687 1281 3750 estuniver-

865 3809 919 3856 sae
949 3791 1077 3876 stellae),

183 3901 296 3965 Verum
314 3901 412 3966 baeca
430 3919 471 3963 ne
490 3899 621 3983 paullum
634 3895 759 3992 quidem
776 3894 923 3984 declinat,
946 3897 1002 3962 sed
1017 3897 1141 3960 immota
1158 3907 1319 3978 semperoo

184 4009 260 4074 Axia
281 4015 432 4091 perpetuo
454 4019 570 4094 manet,
593 4017 679 4074 tanet
703 4011 803 4067 autem
827 4005 916 4070 fixam
942 4022 1049 4070 omnes
1070 4004 1100 4066 in
1122 4009 1225 4086 partes

181 4115 214 4179 ln
238 4115 340 4180 medio
361 4116 509 4200 tellurem,
532 4117 712 4202 circumagit
733 4123 834 4181 autem
855 4117 954 4196 ipsum
977 4113 1105 4176 caelum.

141 4267 229 4326 oiaC
320 4272 365 4327 73.
386 4269 496 4337 ἀλήθεια
516 4267 662 4342 Roeperur
680 4270 744 4324 coll.
763 4288 790 4341 p.
813 4257 1145 4335 124,2t:eupat50bt
1234 4257 1279 4310 74.

142 4359 185 4418 Ci.
205 4361 282 4418 Aret.
305 4359 498 4418 Phaeacum.
521 4365 553 4417 19
572 4379 631 4436 sqq.
688 4359 821 4424 dindari]
935 4361 979 4416 77.
998 4357 1172 4433 pamsiocraa
1189 4365 1223 4421 pr
1243 4343 1280 4402 C:

138 4459 331 4528 pararem
349 4451 443 4510 oenc
538 4454 583 4510 78.
602 4457 632 4509 ol
649 4453 775 4528 lurippper
793 4451 824 4510 C.
