3056 4970
641 311 808 372 sererent.
1227 312 1286 378 21]

132 457 222 544 ⁸bees
254 477 450 560 pudendum,
472 477 632 542 mulierem
655 480 863 564 aulupieutcm
885 497 1079 563 persequens
1102 484 1288 549 caeruleam.

143 566 341 666 Arboriptun'n
365 591 466 648 eutem
489 592 537 649 cst
564 585 602 650 ad
631 604 738 650 senem
767 581 854 669 φάος
882 581 1029 669 decerpe,
1064 590 1293 656 admonerem

143 696 247 754 autem
261 687 490 775 mpeppredloe.
523 693 650 756 Videtur
673 701 774 758 autem
798 709 867 756 esse
890 695 1058 758 secundum
1080 697 1293 764 Setbianorum

144 797 318 861 doctrinm
344 798 396 862 ille
428 795 514 882 φάος
543 796 671 884 dueum
696 799 769 882 lux,
792 799 990 863 tenebricosa
1011 809 1112 866 autem
1137 822 1215 885 aqua
1237 825 1295 889 ‹pt-

145 901 231 966 ee'loe
253 905 320 988 ille,
341 907 471 986 spatium
495 913 617 990 autem,
641 907 724 987 quod
748 914 795 970 est
817 905 1030 970 intermedium
1053 925 1180 990 eorum,
1210 927 1329 982 con-os

144 1018 258 1076 centus
287 1013 412 1094 spiritus
438 1012 620 1095 interpositi.
675 1013 795 1076 Nomen
824 1022 925 1077 eutem
948 1015 1026 1077 illius
1054 1008 1141 1096 φάος
1161 1010 1292 1098 polemo

143 1117 314 1182 fluxionem
334 1119 470 1200 desuper
490 1119 577 1205 lucis,
599 1126 633 1181 ut
654 1120 747 1205 aiunt,
764 1121 915 1205 significet
936 1121 967 1184 in
989 1120 1132 1183 inlerius:
1155 1128 1188 1183 ut
1210 1139 1291 1184 con·-

144 1233 297 1306 gruenter
316 1225 467 1307 quispiam
494 1223 577 1289 dicat
598 1224 761 1292 Setbiancs
784 1227 984 1292 consimiliter
1009 1224 1076 1290 lere
1098 1227 1185 1290 obire
1209 1229 1290 1309 apud

144 1349 182 1394 sc
203 1330 339 1414 biegnae
368 1331 577 1413 Pblyasiorum
609 1333 708 1416 orgia.
762 1335 951 1400 Divisionem
980 1339 1081 1398 eutem
1109 1335 1290 1416 tripertitam

145 1437 284 1502 attestari
306 1438 398 1502 etiem
420 1445 514 1520 poem
535 1438 659 1504 videtur
681 1458 750 1504 cum
775 1440 866 1505 dicit:
903 1439 1071 1518 Trifcrtmn
1098 1449 1198 1504 cotem
1219 1461 1327 1512 orn-oo

144 1545 201 1606 rein
222 1544 327 1608 diolco
347 1552 436 1624 raet,
464 1547 718 1628 repercussam
748 1547 860 1610 sortito
880 1554 951 1610 raet
971 1547 1129 1628 bonorem,
1161 1544 1222 1609 boc
1243 1555 1292 1610 eet

149 1648 299 1714 trileriem
326 1650 494 1715 divisorum
524 1653 677 1736 singulum
701 1651 856 1735 quodque·
873 1655 993 1735 accepit
1015 1659 1208 1732 potestatem.
1253 1653 1291 1717 iit

146 1773 224 1820 vero
238 1773 349 1837 aquem
361 1756 442 1820 inire
450 1757 659 1822 subiacentem
668 1760 876 1842 tenebrosam,
892 1760 1035 1841 quonium
1048 1759 1081 1820 in
1093 1777 1160 1822 eem
1178 1760 1291 1824 occidit

144 1861 206 1947 lux,
243 1869 276 1927 et
304 1865 448 1944 recipere
470 1862 510 1928 ed
533 1881 568 1928 sc
590 1873 621 1929 et
644 1881 803 1930 assumere
826 1863 920 1929 debet
936 1864 1067 1928 deletum
1089 1867 1249 1931 scintillam
1273 1887 1290 1932 e

147 1985 229 2053 sese,
252 1968 294 2033 ita
316 1969 622 2036 videnturcmniscii
644 1972 782 2038 sethiani
798 1970 842 2036 eb
864 1971 1000 2036 Homero
1020 1973 1146 2037 mutuati
1165 1972 1327 2041 dicerczee

187 2076 276 2140 Scite
297 2077 388 2156 mie,
409 2076 518 2160 inquit,
539 2077 598 2140 boc
618 2078 707 2142 telles
729 2086 761 2140 et
780 2080 900 2142 coelem
921 2081 1054 2160 ereptam
1074 2097 1216 2162 reperere,

188 2180 231 2244 Et
251 2182 409 2248 deremet
431 2183 537 2265 Stppr‘e
558 2201 651 2265 open,
674 2186 758 2266 peod
778 2186 900 2266 paridem
920 2186 1087 2250 muctam

187 2286 395 2350 Iwumeetern
414 2291 690 2372 praemiorumque
711 2297 800 2353 estol
820 2291 919 2354 beato
941 2293 1012 2365 dite,

146 2389 207 2458 boc
238 2399 286 2458 eet
316 2394 522 2460 evomentium
544 2395 700 2478 quoddam
722 2403 754 2458 et
774 2393 962 2460 horrendum
984 2415 1094 2476 aquam
1118 2398 1287 2462 secundum

146 2498 312 2562 Homerum
340 2497 527 2565 arbitrantur
554 2501 611 2585 dii,
644 2517 736 2584 quem
766 2501 888 2582 quidam
912 2502 1052 2567 doctrina
1073 2502 1323 2568 Setbienorumtt

143 2604 368 2672 lonnidabilem
390 2607 464 2672 dicit
484 2606 587 2670 manti.

231 2709 284 2776 21.
335 2711 420 2776 llaec
446 2718 521 2776 sunt
549 2729 629 2792 quae
658 2709 763 2774 dicunt
786 2714 818 2774 et
846 2707 893 2774 bis
921 2713 1076 2792 comparia
1103 2714 1135 2776 in
1164 2712 1287 2776 infinitis

143 2820 379 2884 commentariis.
423 2817 561 2884 suadent
584 2825 686 2883 eutem
708 2833 902 2901 cognoscere
927 2816 966 2880 dc
985 2816 1133 2880 mixtione
1156 2823 1188 2878 et
1206 2833 1287 2881 con-

143 2924 271 2988 detione
294 2925 464 2990 doctrinam
486 2927 551 3010 eis,
574 2926 626 3007 qui
647 2925 785 3007 ipsorum
814 2921 952 2986 scholam
980 2930 1166 3006 sequuntur,
1197 2939 1287 3002 quam

143 3033 259 3114 scripto
283 3033 405 3098 executi
433 3037 504 3094 sunt
533 3031 626 3113 multi,
658 3031 789 3095 maxime
818 3035 919 3094 autem
942 3028 1140 3094 Andronicus
1160 3030 1323 3112 Peripa-rs

144 3139 265 3204 teticus.
324 3138 436 3202 Dicunt
457 3138 550 3219 igitur
572 3136 710 3202 sethiani
732 3135 771 3200 de
794 3135 942 3198 mixtione
965 3144 996 3200 et
1018 3138 1203 3202 conllatione
1227 3137 1288 3201 do-

144 3245 274 3310 ctrinam
302 3245 478 3310 constitisse
506 3243 538 3306 in
568 3241 651 3306 hunc
672 3242 805 3306 modum.
850 3241 978 3306 Rodium
998 3242 1131 3306 lucidum
1154 3243 1289 3324 desuper

143 3351 312 3434 immixtum
341 3367 412 3414 esse
443 3349 666 3432 scintillamque
702 3349 908 3415 tenuissimam
936 3350 967 3412 in
995 3350 1171 3414 tenebrosis
1200 3351 1287 3431 equis

142 3457 223 3522 inl'ra
254 3457 386 3522 inlusam
418 3473 489 3521 esse
520 3457 652 3520 tenuiter
681 3463 712 3519 et
741 3456 903 3520 adunatam
934 3461 965 3518 et
994 3458 1119 3520 venisse
1144 3458 1175 3518 in
1196 3473 1286 3520 unam

142 3565 341 3648 farraginem,
364 3571 399 3628 ut
424 3581 518 3628 unum
542 3563 672 3628 odorem
695 3581 734 3626 ex
756 3562 856 3626 multis
878 3562 1036 3644 permixtis
1059 3563 1090 3624 in
1111 3562 1175 3643 igni
1197 3561 1324 3627 sulti-ao

143 3673 263 3751 mentis,
287 3678 319 3736 et
341 3676 464 3752 oportet
486 3669 717 3753 intelligentem,
741 3669 871 3732 ollactus
895 3670 921 3732 si
943 3667 1036 3731 modo
1059 3667 1154 3731 habet
1176 3667 1287 3730 subtile

140 3809 187 3862 23.
214 3806 245 3861 τὰ
261 3807 306 3874 τῆς·
326 3805 452 3878 Μεγάλης
477 3806 596 3872 Φλυῆσιν
614 3805 706 3877 ὄργια]
731 3824 751 3858 r.
769 3823 789 3858 r.
808 3803 926 3877 μεγάλης
943 3803 1046 3863 *leode
1063 3799 1230 3875 lovo'pyeeC
1255 3799 1285 3856 Μ

141 3899 188 3973 qui
211 3915 288 3971 susp.
314 3898 461 3972 mdpyrer
492 3916 512 3951 a.
531 3916 551 3952 r.
569 3905 608 3952 nl.
626 3899 758 3958 Φλιασίας
784 3897 865 3970 ὄργια
889 3894 1047 3950 Bunrenius
1065 3894 1085 3949 l.
1104 3895 1139 3948 l.=
1171 3912 1192 3948 r.
1210 3915 1229 3950 r.
1248 3903 1287 3950 Μ.

141 3993 281 4046 Φλιασίων
298 3991 379 4064 ὄργια
397 3988 430 4044 R.
451 3987 562 4044 Scottus
582 3996 610 4044 et
627 3985 804 4055 Meineluiur,
823 3987 870 4062 qui
889 3988 976 4042 addit:
1010 3991 1112 4042 Videtur
1134 3991 1211 4058 ipiter
1234 3989 1288 4040 Dia

11 4063 14 4090 ’
139 4087 180 4138 ael
197 4085 265 4138 Hebe
284 4085 355 4154 npad
370 4083 504 4144 Phliasios,
522 4083 660 4136 acrioribus
676 4087 785 4150 fortasse
804 4085 903 4136 demunt
920 4085 1079 4154 temporibus,
1097 4081 1209 4151 Μαρια
1226 4081 1288 4131 dene

140 4179 243 4230 eosdm
269 4171 347 4228 celte
362 4193 428 4228 me:
453 4173 484 4226 wi
509 4173 553 4238 τῆς
576 4169 694 4246 μεγάλης
717 4173 783 4234 θεᾶς
805 4174 898 4234 Oloris
920 4175 1038 4240 Φλυῆσιν
1059 4171 1140 4242 ὄργια
1157 4167 1287 4223 Brinkiue

179 4269 228 4325 25.
245 4269 290 4322 26.
311 4263 394 4320 flom.
413 4263 446 4322 11.
468 4264 510 4329 ld,
531 4264 591 4330 189,
609 4264 657 4319 ubi
675 4265 785 4327 ἕκαστος
798 4282 849 4338 pro
863 4265 958 4320 deame
1069 4261 1185 4316 31-33.
1203 4255 1286 4312 Hom.

138 4353 653 4421 ll.15,ec-ae.0d.5,tsn-8⁷.
768 4355 814 4409 35.
834 4349 990 4424 φοβερόςῦ
1067 4346 1102 4418 npi
1125 4342 1179 4422 vor]
1198 4344 1243 4400 τὸν
1260 4348 1288 4401 o'e

140 4447 220 4514 GM,
238 4449 285 4522 qui
306 4465 381 4520 susp.
402 4450 534 4519 στοιχεῖον
648 4445 693 4501 ³9.
713 4441 849 4517 &1er

933 4536 1001 4604 le*
