3052 4984
222 272 285 337 ενι
330 274 450 354 (οοεο.
476 270 558 356 σεε.)
666 273 761 332 ειεεο
784 274 851 348 vm,
878 276 926 331 ιο.

220 440 389 506 ἐνεδύσατο
412 439 489 505 αύτδ
512 441 644 504 ἄνωθεν
666 439 786 518 έλθών,
809 445 863 503 καὶ
885 440 992 504 πάντα
1012 439 1160 526 ἐποίησεν
1182 437 1297 516 οὑτως,
1322 438 1371 515 ώς

184 551 257 622 σοι’-ν
291 561 355 626 τοῖς
391 549 586 630 εὐαγγελίοις
619 557 791 634 γέγραπται
794 598 807 628 ,
839 547 992 613 έλούσατυ
1028 548 1073 624 είς
1107 547 1163 612 τδν
1188 545 1367 632 Ἰορδάνην,

221 657 375 722 έλούσατο
397 657 433 722 δὲ
455 657 557 722 τύπον
579 661 633 720 καὶ
656 658 842 745 σφράγισμα
864 655 975 740 λαβών
998 655 1034 721 έν
1055 659 1099 744 τῷ
1121 654 1213 720 ὕδατι
1235 659 1290 720 τοῦ
1311 679 1370 735 γε-

219 768 409 852 γεννημένου
447 765 591 848 σώματος
623 763 690 828 άπδ
727 767 781 849 τῆς
812 765 1000 851 παρθένου,
1030 760 1086 843 ίν’,
1110 761 1187 828 ὅταν
1215 761 1369 848 δᾶρχων

220 877 391 960 κατακρίνη
413 871 446 936 τδ
469 872 554 937 ἴδιον
577 871 710 954 πλάσμα
732 869 869 958 θανάτῳ
873 919 885 948 ,
909 873 951 958 τῷ
974 874 1118 958 σταυρῷ,
1149 871 1238 960 ψυχὴ
1263 869 1368 956 ἐκείνη

218 979 255 1044 ἐν
276 984 319 1068 τῷ
342 979 463 1063 σώματι
484 989 658 1065 τραφείσα,
683 976 930 1064 α’πεκδοσαμένη
951 978 986 1041 τδ
1009 981 1102 1062 σώμα
1125 981 1178 1040 καί
1198 977 1368 1064 προσηλώ-

181 1099 209 1146 οε
219 1105 303 1151 σασα
326 1088 408 1174 πρδς
429 1087 463 1151 τδ
486 1086 599 1165 ξύλον,
622 1090 676 1150 καί
698 1084 946 1172 θριαμβεύσασα
968 1083 1016 1150 δι’
1044 1084 1143 1150 αδεοὺ
1175 1085 1231 1161 τάς
1261 1085 1368 1174 άρχάς

218 1200 273 1259 καί
293 1196 349 1271 τὰς
371 1196 517 1273 ἐξουσίας
539 1199 582 1280 μὴ
604 1191 725 1286 εὑρεθῇ
746 1194 865 1280 γυμνή,
899 1192 972 1259 άλλ’
1002 1193 1170 1280 ἐνδύσηται
1199 1195 1233 1258 τὺ
1264 1195 1299 1258 έν
1320 1199 1366 1282 τῷ

217 1301 327 1380 ύδατι,
350 1303 400 1368 δτε
421 1300 614 1384 ἐβαπτίζετο,
649 1299 719 1366 α’ντὺ
740 1305 793 1386 τῆς
822 1305 938 1387 σαρκὸς
967 1301 1086 1388 ἐκείνης
1112 1301 1368 1386 ἐντετυπωμένον

218 1415 320 1493 σῶμα.
368 1409 473 1474 Τοῦτο
494 1409 575 1486 ἐστι,
599 1412 713 1495 φησίν,
747 1409 766 1473 6
794 1409 876 1490 λέγει
904 1409 922 1473 ὑ
951 1410 1069 1496 σωτήρ·
1107 1409 1196 1474 Ἐάν
1226 1411 1275 1496 μή
1305 1433 1367 1486 τις

217 1519 398 1608 γεννηθῇ
419 1517 460 1594 έξ
482 1515 624 1591 ύδατος
645 1521 713 1580 καὶ
734 1515 975 1600 πνεύματος,
1006 1514 1073 1581 ούκ
1098 1513 1366 1582 ε’ίσελεύσεται

182 1625 276 1702 οοείς
298 1624 365 1712 την
386 1623 601 1708 βασιλείαν
622 1627 700 1688 τών
722 1621 879 1711 ούρανώ
890 1644 924 1687 ν·
949 1623 1006 1696 δτι
1022 1625 1063 1688 τδ
1079 1629 1365 1711 γεγεννημένον

218 1733 257 1797 έκ
279 1735 342 1819 τῆς
364 1733 511 1818 σαρκός
533 1730 631 1817 σάρξ
655 1731 673 1794 έ
681 1747 775 1795 στιν.
828 1729 908 1795 ’And
931 1735 994 1796 τών
1012 1729 1180 1818 τριάκοντα
1203 1728 1262 1797 οὑν
1282 1732 1366 1797 αίώ-

217 1861 283 1904 νων
305 1841 472 1926 τριάκοντα
495 1839 585 1914 ίδέας
605 1837 793 1902 ἐνεδύσατο·
828 1835 883 1902 διδ
914 1841 1003 1903 τοῦτο
1032 1837 1085 1902 ἐπὶ
1113 1837 1282 1927 τριάκοντα
1312 1839 1365 1926 ἔτη

216 1951 345 2029 γέγονεν
366 1946 420 2012 ἐπὶ
441 1950 494 2033 τῆς
514 1951 572 2032 γῆς
600 1943 617 2010 δ
641 1945 772 2021 αίώνιος
803 1946 938 2023 ἐκεῖνος,
977 1945 1110 2011 ἑκάστου
1144 1948 1261 2024 αίώνος
1293 1947 1364 2030 ἰδίᾳ

217 2055 352 2142 ἐνιαυτῷ
374 2055 651 2140 φανερούμενου.1
703 2053 775 2116 Είσὶ
798 2051 910 2116 δὲκαὶ
934 2052 1001 2118 άπὸ
1024 2053 1158 2120 ἑκάστου
1186 2059 1249 2120 τών
1270 2055 1363 2143 τριά-

181 2175 210 2224 τε
219 2183 314 2227 κοντα
338 2162 466 2226 αίώνιον
488 2161 614 2226 άπασαι
638 2159 723 2225 ίδέαι
752 2160 996 2247 κατειλημμένοι
1026 2167 1145 2249 ψυχαί,
1178 2168 1233 2228 καί
1265 2165 1364 2250 φύσιν

217 2269 280 2352 ἔχει
302 2267 420 2334 τούτων
440 2267 554 2356 ἑκάστη
576 2278 662 2333 νοετν
685 2268 741 2332 τδν
762 2269 842 2334 κατά
866 2269 966 2354 φύσιν
984 2268 1119 2356 Ἰησοῦν,
1143 2271 1182 2336 ὑν
1202 2272 1321 2349 ἐκεῖνος
1342 2273 1361 2338 δ

212 2377 385 2464 μονογενὴς
409 2375 427 2442 ὑ
451 2378 582 2453 αίώνιος
611 2375 678 2442 άπὸ
703 2381 767 2441 τών
788 2377 930 2441 αίωνίιεν
960 2378 1067 2442 τύπων
1095 2378 1279 2444 ἐνεδύσατο·
1301 2382 1360 2445 είσὺ

214 2485 250 2549 δὲ
273 2481 359 2550 οὗτοι
382 2485 546 2570 διάφοροι.
604 2484 668 2547 Διὰ
699 2487 789 2548 τοῦτο
812 2489 960 2548 τοσαῦται
991 2483 1127 2572 αὑρέσεις
1161 2485 1281 2573 ζητοῦσι
1308 2487 1362 2554 τδν

209 2591 331 2678 Ἰησοϋν
352 2591 585 2678 περιμαχήτοις,
618 2594 673 2654 καὶ
694 2590 756 2655 ἔστι
779 2591 900 2667 πάσαις
921 2593 1036 2668 οίκείος
1057 2593 1185 2680 αύταίς,
1214 2595 1296 2686 άλλη
1325 2596 1361 2661 δὲ

179 2699 315 2776 εοάλλος
337 2698 496 2785 ὁρώμενος
518 2697 575 2762 ἀπ’
597 2697 699 2762 ἄλλου
721 2699 837 2776 τύπου,
860 2697 911 2785 ἐφ’
934 2700 973 2764 δν
994 2699 1107 2788 ἑκάστη
1130 2705 1270 2788 φέρεται,
1295 2727 1358 2790 φη-

217 2812 283 2886 σίν,
310 2813 364 2871 καί
386 2806 515 2872 σπεύδει
538 2804 679 2870 δοκούσα
700 2810 810 2869 τοῦτον
831 2806 914 2870 είναι
935 2806 1054 2892 μόνον,
1091 2807 1126 2884 ός
1154 2809 1237 2873 ἐστιν
1266 2809 1361 2898 αὑτῆς

216 2917 363 3000 συγγενὴς
384 2913 464 2989 ἴδιος
487 2919 540 2977 καὶ
562 2913 706 2998 πολίτης,
737 2913 776 2977 ὑν
799 2912 914 2977 ίδοδσα
936 2919 1064 2999 πρώτον
1093 2915 1178 2980 ἴδιον
1212 2917 1360 3006 ἐγνώρισε

214 3027 274 3106 μὲν
296 3021 339 3098 ώς
358 3020 515 3108 άδελφύν,
538 3023 610 3096 τοὺς
633 3021 668 3085 δὲ
691 3019 810 3096 ἄλλους
830 3021 962 3097 νόθους.
981 3026 984 3032 ’
1017 3021 1058 3086 Οἳ
1079 3027 1139 3108 μὲν
1161 3022 1219 3089 οὑν
1241 3025 1277 3090 έκ
1298 3031 1360 3091 τών

214 3129 363 3195 ὑποκάτω
386 3128 571 3214 τόποντὴν
594 3128 692 3213 φύσιν
714 3127 913 3208 ἔχοντεςτάς
935 3127 1015 3216 ὑπὲρ
1050 3129 1165 3206 αύτούς
1198 3131 1285 3209 ίδεας
1306 3139 1359 3199 τοῦ
1476 3173 1477 3180 1

181 3242 353 3329 ffiffwzijqqg
376 3236 457 3301 ίδετν
487 3234 526 3300 οδ
555 3233 726 3312 δύνανται,
761 3235 792 3299 οὶ
820 3234 855 3299 δὲ
884 3237 1031 3315 ἄνωθεν,
1064 3243 1175 3326 φησίν,
1212 3237 1278 3306 άπδ
1309 3247 1361 3329 τῆς
1475 3253 1476 3279 ·

285 3513 329 3566 59.
351 3509 414 3564 αὑτό
431 3507 548 3576 ἄνευθεν]
568 3506 645 3566 αὑτός
664 3506 792 3562 ἄνευθενί
810 3508 873 3564 αὑτὸ
892 3509 907 3564 ὅ
928 3509 1054 3565 ἅνωθενί
1169 3515 1212 3568 61.
1241 3515 1285 3570 62.
1309 3533 1359 3586 γε-

213 3599 402 3676 γενημύνυυίῖ
554 3601 598 3653 63.
628 3595 710 3674 ψυχὴ]
736 3600 798 3667 αὑτὴ
822 3598 892 3656 CM
1043 3605 1159 3660 64-66.
1186 3602 1228 3660 Cf.
1254 3605 1314 3660 Col.
1332 3609 1357 3673 2,

217 3696 258 3750 ιι.
282 3697 323 3750 ιι.
345 3695 387 3749 15.
481 3694 510 3746 ιι
528 3692 557 3766 η
575 3679 716 3746 &moach
740 3693 785 3746 ωε
809 3695 931 3767 σώματος
954 3695 997 3762 ης
1019 3698 1118 3768 ειμι,
1220 3701 1358 3768 gamm
1470 3725 1471 3736 ι

213 3785 240 3837 εὑ
258 3783 324 3838 καθ’
346 3783 423 3856 ὑμῶν
437 3783 628 3856 χειρόγραφον
646 3789 699 3844 τοῖς
717 3784 861 3858 δόγμασιν,
881 3783 895 3840 ὃ
914 3781 945 3853 ἦν
965 3785 1120 3841 ὑπεναντίον
1138 3787 1215 3860 ὑμῖν,
1234 3790 1280 3842 καὺ
1298 3789 1358 3844 αὐτὸ

214 3869 290 3946 ἦρκεν
309 3877 336 3929 ίκ
354 3875 398 3928 τοῦ
415 3877 511 3947 μέσου,
531 3876 703 3947 προσηλώσας
722 3877 784 3930 αδτὺ
802 3878 837 3950 τῷ
855 3879 973 3951 σταυρῷ,
1001 3877 1218 3953 ἀπεκδυσάμενος
1243 3881 1287 3941 τάς
1305 3881 1357 3953 ἆρ-
1468 3901 1469 3906 ’

209 3967 264 4040 χὰς
280 3969 327 4021 καί
350 3967 395 4030 τὰς
419 3969 540 4030 ἐξουσίας
566 3969 745 4042 ἐδειγμάτισεν
774 3971 803 4024 δν
828 3974 977 4044 παρρησίη,
1003 3972 1189 4044 θριαμβεύσας
1215 3971 1309 4034 αὑιοὺς
1330 3975 1357 4027 ίν

214 4060 293 4133 αύτῷ.
445 4059 488 4114 65.
508 4061 695 4133 θριαμβεύσας
714 4057 736 4114 C
917 4062 960 4116 65.
982 4065 1025 4118 66.
1046 4060 1089 4118 Cf.
1107 4066 1126 4117 2
1139 4061 1204 4119 Cor.
1225 4067 1250 4129 5,
1270 4066 1297 4120 3.

213 4157 285 4227 είπερ
304 4154 351 4210 καὶ
368 4153 544 4226 ίνδυσάμενοι
564 4153 595 4206 ού
614 4154 715 4226 γυμνοί
732 4153 945 4227 εὑρεθησόμεθα.
1116 4157 1231 4212 68-71.
1251 4155 1301 4211 Ev.
1319 4157 1354 4213 Ιο.

213 4249 239 4313 3,
259 4253 285 4302 6.
304 4250 330 4302 6.
347 4247 426 4320 Ἀμην
445 4245 517 4319 ἀμὴν
533 4247 601 4318 λέγω
621 4262 676 4310 σοι,
704 4245 750 4299 ίὰν
767 4245 805 4318 μη
824 4265 860 4309 τις
878 4249 993 4321 γεννηθῇ
1012 4249 1039 4310 ἔξ
1057 4245 1152 4311 ὑδατος
1170 4251 1216 4304 κατ’
1234 4250 1356 4325 πνεύμα-

212 4355 268 4405 τος,
288 4339 319 4394 οδ
342 4341 453 4394 δύναται
477 4339 606 4394 είσελθεῖν
622 4341 662 4401 είς
682 4339 727 4406 τὴν
743 4342 882 4410 βασιλείαν
897 4341 942 4394 τοὺ
960 4341 1039 4394 θεοῦ·
1065 4341 1092 4394 τὸ
1117 4346 1310 4415 γεγεννημένον
1330 4347 1355 4400 ίκ

213 4432 257 4498 τῆς
275 4431 373 4503 σαρκός
391 4431 457 4504 σάρξ
473 4433 541 4488 ἐστιν
559 4452 582 4486 κ.
600 4450 619 4485 τ.
639 4433 663 4485 λ.
781 4435 826 4488 70.
845 4435 1023 4506 γεγενημένον
1040 4428 1061 4486 C
1176 4434 1221 4489 73.
1241 4435 1284 4488 74.
1304 4435 1356 4510 ίδίηι
