2920 4982
275 339 562 400 uucnttttJtatto:
586 340 749 399 hiAthON.
773 339 896 397 CERDO.
918 338 1075 398 APELLES.
1179 335 1241 400 525

101 502 225 568 modum
247 505 377 588 cynicos
400 505 504 570 studet
533 511 564 570 at
593 505 677 570 nullo
709 506 777 570 iero
807 505 900 570 modo
923 524 941 568 a
963 504 1123 569 Marcione
1146 505 1283 576 didertna

101 611 185 694 quod
209 613 300 677 etad
323 613 545 680 diffamationes
568 616 675 680 attinet
697 621 728 676 et
749 613 788 678 ad
809 614 896 696 leges
920 613 960 676 dc
983 615 1094 695 nuptiis
1114 613 1200 677 latas.

191 720 242 786 19.
284 721 422 787 hiarcion
433 727 533 786 autern
548 723 691 787 Ponticus
706 721 872 806 Cerdoque
882 720 971 786 huius
985 724 1133 804 magister
1143 731 1174 786 at
1188 722 1245 803 ipsi

61 833 64 838 '
102 825 252 893 definiunt
274 847 346 894 csse
362 832 417 895 tria
432 830 568 895 universi
591 831 752 916 principia:
779 831 902 914 honum,
924 831 1045 914 iustum,
1069 831 1244 908 materiam3

102 936 224 1018 quidam
241 945 340 1002 autem
360 957 468 1003 eorum
484 938 623 1022 discipuli
646 938 761 1002 addunt
773 935 937 1023 [quartum]
951 939 1098 1020 dicentes,
1120 935 1245 1020 bonurn,

99 1045 229 1130 iustum,
260 1047 368 1111 malurn
382 1097 390 1132 ,
417 1047 586 1114 materiam.
641 1046 749 1112 Cuncti
780 1053 880 1111 autern
911 1044 965 1132 (sc.
989 1045 1101 1128 dicunt)
1130 1045 1267 1109 honurnt

101 1153 226 1218 omnino
264 1153 337 1218 nihil
372 1154 503 1240 iecisse,
539 1155 651 1220 iustum
681 1163 782 1220 autem
818 1153 868 1218 alii
899 1153 1029 1238 malum,
1063 1153 1112 1217 alii
1144 1157 1243 1216 autern

100 1259 200 1324 solum
235 1261 346 1326 iustum
374 1263 549 1348 nominant,
584 1262 697 1329 iecisse
729 1268 829 1327 autem
864 1263 1006 1326 universa
1040 1261 1176 1348 dictitant
1206 1279 1244 1323 ex

99 1367 281 1434 subiacente
316 1373 460 1452 mataria;
504 1389 567 1438 non
604 1371 684 1436 anim
726 1371 810 1435 hene
848 1370 973 1455 iecisse,
1019 1368 1075 1436 sed
1115 1370 1243 1434 irratio-

100 1477 262 1564 nahiiiter,
292 1497 424 1544 necessa
447 1481 527 1543 enim
551 1497 642 1565 essa,
677 1488 711 1544 ot
733 1497 787 1565 ea,
828 1498 908 1562 quae
932 1487 999 1545 orta
1030 1480 1107 1563 sint,
1135 1476 1265 1541 similiac

100 1585 161 1650 sint
185 1585 228 1670 ei,
251 1587 303 1670 qui
325 1587 443 1652 iecerit.
489 1587 684 1671 Quapropter
707 1590 797 1653 ctiam
822 1586 977 1671 parabolis
1001 1585 1190 1669 evangelicis
1213 1587 1243 1648 in

100 1691 184 1758 hunc
206 1693 329 1759 modum
351 1702 477 1761 utuntur
500 1695 652 1762 dieentes:
677 1697 754 1760 ‘Non
780 1705 884 1779 potest
904 1694 999 1760 arhor·
1020 1694 1102 1760 dcco
1121 1695 1244 1776 fractus

98 1803 197 1866 motos
216 1801 346 1882 facere,
370 1810 400 1868 ct
423 1823 503 1886 quae
526 1811 711 1892 sequuntur,
734 1803 854 1869 adhoc
879 1803 1021 1868 dictitans
1043 1805 1243 1886 pronunciata

101 1927 189 1996 esse,
213 1929 292 1994 quae
322 1912 361 1976 ab
388 1912 456 1994 ipso
488 1910 567 1976 male
598 1920 777 1977 censentur.
835 1912 983 1976 Christum
1019 1922 1119 1977 autem
1154 1911 1244 1976 hlium

99 2036 172 2082 osse
195 2017 270 2083 boni
294 2025 326 2084 et
348 2019 385 2084 ab
410 2038 449 2084 ao
473 2020 597 2085 missum
621 2039 693 2085 esse
724 2019 762 2085 ad
785 2019 965 2086 salvandum
987 2021 1121 2106 animas,
1151 2033 1283 2102 quemtt

97 2127 276 2192 interiorem
299 2128 453 2193 hominem
478 2137 586 2215 vocat,
617 2129 724 2194 dicens
748 2148 818 2194 eum
840 2136 984 2212 tanquam
1008 2128 1161 2194 hominem
1187 2148 1245 2212 ap·

98 2234 257 2320 paruisse,
291 2254 359 2300 cum
383 2255 446 2301 non
474 2239 513 2301 sit
541 2235 652 2322 homo,
682 2245 713 2300 et
742 2244 886 2319 tanquam
917 2255 1041 2302 carnem
1074 2236 1246 2322 habentem,

99 2361 168 2416 cum
192 2361 253 2407 non
275 2343 389 2409 haheat
412 2363 550 2428 carnem,
582 2347 633 2428 qui
655 2347 761 2427 specie
784 2345 957 2429 apparuerit
984 2364 1087 2428 neque
1118 2347 1245 2428 genitu·

96 2469 163 2515 ram
186 2452 362 2516 sustinuerit
384 2471 485 2535 neque
508 2454 699 2537 passionem,
730 2470 836 2516 verum
859 2455 963 2536 specie
986 2459 1110 2518 tantum.
1163 2453 1243 2517 Car-

98 2577 168 2622 nem
191 2565 292 2622 autem
315 2578 378 2623 non
401 2559 464 2624 vult
486 2579 653 2644 resurgere
661 2607 669 2643 ,
696 2563 920 2625 matrimonium
951 2566 1051 2626 autem
1074 2562 1241 2643 perniciem
1257 2573 1286 2624 tt

98 2685 170 2731 asse
193 2666 301 2730 dicens
325 2667 362 2731 ad
386 2669 476 2732 vitam
500 2667 664 2733 admodum
687 2671 825 2751 cynicum
850 2667 973 2732 adducit
995 2667 1177 2754 discipulos,
1212 2671 1242 2734 in

98 2775 147 2839 his
168 2782 279 2858 putans
301 2793 336 2840 sc
360 2794 455 2861 aegre
477 2775 582 2841 iacere
606 2776 778 2862 demiurgo,
800 2779 826 2842 si
846 2777 900 2856 iis,
923 2795 1003 2859 quaa
1025 2776 1062 2840 ab
1084 2777 1136 2841 itio
1160 2777 1241 2842 iacta

98 2891 169 2947 sunt
191 2883 241 2947 vat
262 2885 444 2970 constituta,
468 2903 503 2948 so
526 2884 686 2950 abstineat.

185 2989 235 3054 20.
280 2991 405 3072 Apelles
428 2999 546 3076 autem,
570 2991 658 3056 huius
682 2990 864 3074 discipulus,
894 3007 962 3053 oum
993 2991 1052 3078 ipsi
1082 2991 1241 3074 improba·

96 3105 205 3163 rentur
226 3117 306 3182 quaa
329 3119 347 3164 e
369 3102 516 3180 magistro
540 3101 731 3184 dictasunt,
758 3100 847 3162 sicuti
870 3104 961 3162 antea
985 3096 1130 3182 diximus,
1160 3111 1280 3164 novato

97 3206 238 3271 doctrina
261 3209 423 3291 supposuit
450 3214 596 3290 quattuor
618 3224 688 3270 esse
712 3204 806 3287 deos,
830 3223 958 3287 quorum
978 3224 1069 3271 unum
1091 3205 1165 3271 dicit
1180 3207 1241 3272 ho-

98 3333 189 3399 num,
219 3332 310 3395 quam
340 3333 443 3399 nequa
477 3316 646 3399 prophatae
680 3315 901 3397 cognoverint,
933 3314 1019 3377 ouius
1048 3331 1120 3378 esse
1149 3315 1240 3380 fitium

98 3421 270 3498 Christum;
305 3421 395 3486 alium
426 3428 526 3487 autam
561 3421 701 3506 opificem
735 3421 891 3505 universi,
925 3439 1015 3502 quem
1052 3441 1115 3486 non
1150 3422 1239 3487 dcurn

99 3547 170 3593 osse
194 3530 275 3613 vuit,
307 3528 396 3594 alium
421 3538 521 3594 autem
551 3531 694 3613 igneum,
723 3531 774 3610 qui
806 3529 990 3612 apparuerit,
1021 3528 1110 3592 alium
1140 3539 1241 3596 autern

98 3637 224 3722 malum,
247 3657 325 3720 quos
349 3638 478 3723 angelos
502 3645 613 3721 vocat,
635 3637 755 3702 addans
777 3655 854 3701 vero
878 3637 1028 3702 Christum
1050 3645 1080 3702 at
1103 3643 1239 3722 quintum
1250 3655 1278 3704 as

100 3745 189 3811 dicet.
235 3749 312 3813 scsc
335 3755 435 3812 autern
463 3749 592 3832 applicat
620 3747 717 3831 libro,
747 3766 837 3830 quem
861 3747 1081 3814 Revelationes
1109 3751 1241 3835 appellat

98 3854 293 3920 Philumenae
316 3857 489 3943 cuiusdam,
512 3875 601 3940 quam
625 3855 847 3941 prophetissam
871 3875 941 3920 esse
964 3858 1136 3923 arbitratur.
1161 3860 1240 3923 Car-

98 3982 168 4027 nem
192 3972 291 4029 aotem
315 3963 466 4030 Christum
490 3985 553 4030 non
577 3984 617 4029 ex
639 3967 759 4048 virgine
785 3967 826 4028 ait
856 3964 1081 4051 adsumpsisse,
1114 3966 1169 4031 scd
1200 3987 1240 4031 ex

101 4071 261 4140 adiacente
285 4075 388 4139 mundi
409 4077 586 4140 substantia.
639 4075 671 4138 tn
703 4072 784 4136 hunc
815 4073 938 4137 modum
970 4081 1077 4140 contra
1099 4075 1187 4160 teges
1209 4085 1240 4142 at

97 4259 288 4334 npocdyutrC
453 4265 569 4321 26-39.
596 4262 637 4320 Cf.
659 4281 741 4334 supra
765 4281 792 4335 p.
825 4265 887 4328 tto,
912 4263 1011 4318 3-28.
1114 4265 1160 4319 28.
1191 4265 1238 4320 ἕνα

99 4357 194 4425 poian
210 4349 329 4429 ἀγαθόν]
348 4353 396 4408 ἱνα
412 4357 524 4428 φάσκων
541 4355 563 4413 C
579 4355 620 4412 M:
640 4358 687 4412 iro
704 4360 776 4412 ciacc
792 4355 1056 4427 pdcaaoaitoeperua
1128 4358 1173 4410 ³2.
1192 4357 1238 4412 33.

98 4449 227 4520 Προσέχει
244 4476 274 4487 -
298 4443 339 4517 ἣν]
364 4451 510 4524 Προσέχειν
531 4479 563 4490 -
583 4449 597 4516 ἢ
617 4445 651 4505 C:
682 4450 829 4522 Προσέχειν
847 4479 881 4489 -
900 4446 931 4514 ἣν
960 4465 1036 4520 susp.
1055 4444 1085 4503 Μ
1192 4450 1238 4504 33.

98 4537 237 4614 προφῆτιν]
255 4538 391 4610 προφήτην
410 4537 431 4596 G
