2920 4982
256 305 320 380 482
365 315 485 398 (μοστ.
500 317 583 401 σου.)
675 315 770 382 mnan
793 317 837 398 lx,
860 323 912 384 οε.
935 329 986 382 τε.

258 486 293 550 τδ
308 485 424 550 πτύσαι
447 485 483 550 δδ
504 487 550 563 είς
571 491 670 571 μέσον
691 495 746 554 καὶ
766 490 801 554 τδ
824 488 931 568 δεξιδν
951 493 1048 575 μέρος
1070 484 1310 573 φυλάττονται·
1334 485 1412 550 τδδέ

237 597 303 679 ίτρί
325 595 474 680 σαββάτῳ
497 593 681 677 ἀπέχεσθαι
703 595 796 681 ἔργον
819 597 1018 684 φροντίζουσι
1039 594 1166 680 μάλλον
1180 594 1325 660 πάντων
1344 593 1413 658 ’1ου-

260 699 372 765 δαίων.
418 699 468 766 Οῦ
487 701 590 785 μόνον
609 707 671 787 γάρ
693 707 816 790 τροφάς
838 704 947 782 αὐτοῖς
961 701 1334 791 προπαρασκευάζονται
1347 705 1414 784 μιᾶς

259 809 380 896 ἡμέρας
401 813 483 897 πρδς
504 818 538 876 τδ
560 815 604 897 μή
630 817 695 897 πῦρ
718 813 846 892 ἅπτειν,
880 812 956 878 ἀλλ’
978 811 1055 878 ούδέ
1077 815 1188 887 σκεῦος
1217 813 1414 894 μετατιθέν-

260 935 324 997 σιν,
348 917 423 983 οδδε
451 917 699 999 άποπατίζουσι,
730 925 812 998 τινὲς
840 920 877 986 δέ
907 919 983 986 οδδδ
1003 923 1007 1006 Ι
1031 917 1187 984 κλινιδίου
1217 917 1414 1004 χωρίζοντα.

263 1029 344 1101 Ταῖς
378 1025 414 1090 δέ
443 1026 560 1103 ἄλλαις
594 1029 727 1114 ἡμέρως
761 1029 846 1094 έπάν
876 1027 1075 1094 άποπατίσαι
1105 1027 1254 1104 θέλοιεν,
1289 1025 1415 1109 βάθρα

222 1131 432 1218 ίοδρύξαντες
454 1135 607 1201 ποδιαῖον
622 1139 665 1227 τῇ
685 1136 811 1201 σκαλίδι
832 1139 990 1223 (τοιοῦτον
1010 1135 1073 1221 γάρ
1095 1135 1159 1198 ἐστι
1180 1135 1215 1198 τδ
1230 1133 1413 1218 άξινάριον,

261 1242 279 1305 δ
301 1254 366 1318 τοῖς
386 1247 554 1328 προσιοῦσι
574 1245 819 1330 μαθητεύεσθαι
847 1243 980 1330 πράτως
1001 1241 1163 1328 διδόασι),
1194 1246 1250 1306 καί
1281 1263 1415 1324 περικα-

260 1348 420 1438 λύψαντες
440 1351 475 1416 τδ
497 1348 625 1435 ἱμάτιον
647 1350 803 1431 ίζάνουσι,
835 1353 1009 1439 φάσκοντες
1033 1350 1077 1438 μή
1107 1350 1176 1416 δεῖν
1196 1349 1346 1436 ὑβρίζειν
1367 1353 1414 1422 τάς

260 1456 379 1538 αδμάς,
412 1459 519 1524 ἔπειτα
546 1461 601 1546 τὴν
630 1458 877 1547 άνασκαφεῖσαν
905 1465 966 1547 γῆν
994 1457 1251 1542 έπεμβάλλοοσιν
1285 1459 1340 1533 είς
1368 1461 1414 1520 τὸν

258 1566 401 1653 βόθρον,
432 1571 602 1632 καὶτοῦτο
632 1572 781 1634 ποιοῦσιν
811 1566 1040 1655 έκλε[γύ]μευοι
1071 1567 1170 1654 [τούς]
1202 1565 1412 1652 ἐρημοτέρους

216 1651 385 1751 ’τοτδπους
426 1673 527 1740 Ἐπάν
550 1674 585 1739 δέ
614 1677 726 1763 τοῦτ[ο
753 1676 960 1763 ποιήσωσμν,
993 1673 1095 1752 εδθδς
1121 1671 1352 1739 ἀπολούονται
1378 1669 1413 1744 τίς

256 1782 445 1868 μιαινούσρς
466 1786 519 1869 τῆς
540 1762 715 1867 ἐκκρίσεως.

344 1891 394 1955 26.
445 1890 617 1982 Διῄρηνται
648 1890 684 1955 δέ
716 1891 826 1979 [κα]ιά
856 1891 1003 1979 [χρ]ύνον
1032 1896 1087 1956 καί
1118 1889 1177 1973 οδχ
1205 1887 1333 1974 δμοίως
1364 1889 1411 1972 τδν

257 1998 390 2083 άσκρσιν
411 1995 632 2083 φυλάττουσιν,
654 1999 701 2074 είς
721 2001 859 2086 τέσσαρα
879 2007 957 2085 μέρη
979 1997 1254 2084 διαχωρισθέντες.
1296 1997 1409 2078 Ἕτεροι

255 2109 318 2190 γάρ
342 2101 448 2169 αύτῦν
469 2106 507 2169 τά
530 2103 610 2190 ῦπερ
632 2105 668 2170 τδ
697 2104 773 2171 δέον
801 2103 969 2183 δοκοῦσιν,
999 2104 1043 2181 τίς
1073 2105 1154 2192 μηδὲ
1183 2106 1333 2190 νόμισμα
1354 2107 1408 2186 βα-

219 2211 400 2290 τοστάζειν,
424 2212 565 2295 λέγοντες
589 2214 633 2300 μδ
663 2212 731 2280 δεῖν
756 2213 867 2279 εἰκόνα
895 2216 917 2300 ἢ
943 2216 1054 2300 φέρειν
1084 2216 1104 2300 ἤ
1132 2211 1214 2297 δρᾶν
1242 2215 1264 2299 ἢ
1297 2221 1408 2278 ποιεῖν.

258 2323 318 2386 Διδ
341 2320 417 2385 οῦδὲ
439 2321 485 2396 τίς
508 2319 606 2386 πόλιν
626 2345 672 2398 τις
693 2320 797 2388 αδτῶν
817 2321 1052 2406 εἰσπορεύεται,
1081 2329 1136 2386 ίνα
1162 2323 1205 2408 μὴ
1226 2320 1284 2386 διά
1309 2319 1407 2404 πύλρς

258 2429 406 2521 εἰσέλθῃ,
438 2427 490 2513 έφ’
511 2423 533 2520 ᾖ
554 2428 741 2514 α’νδριάντες
763 2431 897 2508 ἔπεισιν,
931 2428 1089 2514 άθέμιτον
1117 2434 1207 2494 τοῦτο
1238 2427 1407 2515 ἡγούμενοι

257 2539 292 2601 τδ
321 2534 387 2601 ύπδ
415 2537 543 2614 είκύυας
567 2536 757 2624 παρελθεῖν.
808 2538 924 2624 Ἑτεροι
953 2535 989 2602 δὲ
1018 2537 1103 2602 έπάν
1135 2535 1303 2602 άκούσωσί
1330 2553 1405 2606 τινος

256 2648 330 2732 περὶ
352 2647 437 2709 θεοῦ
459 2643 684 2729 διαλεγομένου
706 2651 764 2710 καῖ
784 2650 847 2710 πῦν
867 2645 978 2710 τούτου
1000 2645 1123 2729 νόμων,
1151 2645 1180 2708 εί
1201 2643 1406 2730 άπερίηιρτος

221 2756 320 2840 adq,
343 2752 586 2839 παραφυλάξας
607 2754 663 2818 τδν
683 2757 826 2819 τοιοῦτον
848 2753 885 2818 έν
905 2753 993 2840 οάπφ
1020 2757 1081 2816 αντ
1108 2751 1228 2836 μόνον,
1257 2749 1404 2838 φονεύειν

257 2859 384 2926 άπειλεῖ
404 2860 434 2924 εί
455 2860 498 2946 μὴ
520 2863 745 2948 περιτμηθείρ·
774 2861 810 2936 δς
838 2859 868 2924 εί
896 2863 940 2946 μδ
966 2859 1114 2950 βούλοιτο
1141 2863 1340 2938 πείθεσθαι,
1369 2851 1404 2920 ού

256 2967 410 3055 φείδεται,
434 2966 520 3032 άλλά
541 2972 596 3032 καὶ
615 2965 739 3052 σφάζει.
777 2967 878 3031 Ὅθεν
893 2967 927 3032 έκ
941 2971 996 3032 τοῦ
1010 2969 1239 3049 συμβαίνοντος
1252 2969 1288 3031 τδ
1303 2967 1402 3046 ὄνομα

255 3075 471 3164 προσέλαβον,
496 3074 641 3162 Ζηλωταλ
663 3074 871 3158 καλούμενοι,
894 3073 962 3139 ῦπδ
983 3095 1076 3139 τινων
1098 3074 1134 3139 δὲ
1150 3074 1309 3158 Σικάριοι.
1326 3074 1400 3137 Ἐτε-

257 3207 307 3271 ροι
330 3184 366 3249 δὲ
388 3183 495 3250 αύτῶν
516 3181 636 3248 ούδένα
658 3184 768 3268 κύριον
789 3181 980 3266 ὀνομάζουσι
1003 3182 1088 3269 πλὴν
1109 3183 1164 3247 τδν
1186 3181 1279 3259 θεάν,
1305 3183 1335 3247 εί
1354 3181 1401 3243 καὶ

219 3276 407 3368 οοαίκίζοιτά
429 3315 473 3368 τις
495 3294 516 3378 ἤ
536 3296 591 3355 καί
613 3290 786 3377 άναιροίτο.
834 3296 995 3356 Τοσοῦτον
1017 3291 1053 3356 δὲ
1076 3288 1108 3356 οἱ
1127 3293 1292 3374 μετέπειτα
1313 3288 1398 3356 έλάσ-

256 3487 293 3554 δέ
315 3486 360 3563 είς
381 3490 497 3571 μέσους
518 3489 539 3572 ἢ
559 3487 593 3550 ιδ
617 3485 722 3564 δεξιδν
742 3489 838 3572 μέρος
860 3485 1092 3573 φυλάσσονται·
1129 3490 1184 3549 καὶ
1211 3497 1281 3561 τοῖς
1312 3483 1396 3568 ἑβδο-

255 3595 356 3681 μάσιν
378 3594 479 3678 ἔργων
500 3594 706 3680 ἐφάπτεσθαι
730 3593 957 3681 διαφορώτατα
975 3592 1140 3659 Ἰουδαίων
1151 3593 1317 3660 ἁπάντων.
1356 3580 1398 3655 Ού

253 3703 356 3788 μάνου
377 3705 438 3788 γάρ
459 3703 582 3788 τροφάς
605 3703 729 3778 ἑαυτοῖς
755 3705 818 3788 πρδ
845 3702 966 3788 ἡμέρας
994 3707 1072 3786 μιᾶς
1099 3700 1396 3787 παρασκευάζουσιν,

257 3809 300 3885 τίς
321 3809 401 3896 μηδὲ
423 3815 488 3897 πῦρ
511 3809 658 3875 έναύοιεν
685 3809 787 3899 ἐκείνῃ
814 3814 851 3902 τῇ
878 3809 999 3895 ἡμέρα,
1030 3807 1100 3874 ἀλλ’
1129 3808 1206 3875 οδδέ
1235 3813 1346 3886 σκεῦός
1374 3829 1397 3870 τι

255 3924 461 4005 μετακινῆσαι
481 3920 677 4005 θαρροῦσιν,
700 3916 777 3982 οῦδὲ
799 3917 988 3984 άποπατείν.
1034 3924 1115 3994 Ταῖς
1136 3917 1174 3983 δὲ
1196 3917 1311 3995 ἄλλοις
1327 3917 1397 4004 ἡμὲ

257 4052 329 4112 ραις
350 4027 480 4112 βάθρον
502 4025 685 4112 ὀρύσσοντες
715 4027 824 4109 βάθος
854 4026 1008 4092 ποδιαῖον
1028 4031 1065 4118 τῇ
1087 4025 1213 4091 σκαλίδι
1235 4063 1279 4076 -
1299 4025 1395 4091 τοιού·

257 4158 312 4202 τον
332 4135 396 4221 γάρ
419 4136 482 4200 έοτι
503 4135 537 4199 τδ
561 4133 732 4218 διδόμενον
754 4134 813 4200 ὑπ’
837 4133 943 4200 αύτοῦν
970 4133 1129 4214 άξινίδτον
1150 4147 1215 4210 τοῖς
1235 4129 1395 4200 νεοσυστά-

253 4267 318 4320 τοις
330 4283 387 4322 -,
411 4249 466 4308 καὶ
487 4242 763 4329 περικαλύψαντες
784 4246 959 4332 θοιματίφ,
988 4243 1031 4319 ὠς
1051 4244 1095 4331 μὴ
1116 4243 1172 4319 τάς
1193 4241 1296 4324 αύγδς
1312 4241 1393 4326 ῦβρί·

329 4412 356 4465 4.
386 4408 565 4480 φυλάττωνται
590 4405 612 4464 C
769 4413 795 4464 6.
820 4410 920 4482 αὐτοῖς]
951 4409 1040 4472 αὐτοῖς
1063 4407 1085 4464 C
1260 4425 1392 4481 προπαρα·

253 4498 436 4578 σκευάζοντα]
457 4502 703 4574 παρασκευάζονται
722 4499 744 4557 C
763 4499 791 4556 Μ
996 4503 1030 4557 9.’
1049 4502 1221 4574 άποπατισαι]
1243 4501 1392 4558 ἀποπαῦσαι
