3050 4988
644 320 791 378 MARCUS.
1236 313 1299 381 299

155 490 287 574 gratiam
321 486 473 572 quandam
513 487 708 552 descendere
744 494 776 552 et
809 486 1076 572 sanguinolentam
1116 491 1300 567 potestatem

156 596 311 680 praebere
333 597 427 679 potui.
472 594 567 659 Vafer
590 601 691 658 autem
718 594 853 659 illatum
884 593 1006 675 quidem
1036 592 1146 657 multos
1171 593 1300 679 decepit,

157 725 240 770 nuno
256 713 357 770 autem
374 704 532 769 convictus
549 702 676 768 desinet.
720 702 977 768 Medicamentum
999 702 1088 785 euim,
1112 700 1195 784 quod
1208 701 1298 765 talem

157 811 308 897 quendam
334 818 433 894 potest
456 811 595 876 colorem
619 811 779 893 praebere¹
803 811 879 875 clam
902 808 1065 872 immittens
1081 811 1113 872 in
1130 811 1301 893 mixturam,

157 921 282 985 multum
306 938 427 1005 rugans
450 919 665 1004 exspectabat,
694 926 727 982 ut
750 918 889 982 allectum
912 915 1037 981 humido
1063 917 1251 1001 liquesceret
1272 927 1302 982 et
1311 927 1341 978 to

159 1027 323 1092 admixtum
360 1027 500 1091 inliceret
534 1034 649 1109 potum.
712 1025 937 1091 Medicamenta
969 1034 1089 1110 autem,
1131 1044 1210 1109 quae
1243 1026 1302 1091 hoc

159 1135 287 1200 ellioere
312 1142 458 1218 possunt,
478 1135 510 1197 in
533 1152 573 1198 oo
596 1134 691 1216 libro,
715 1137 765 1216 qui
789 1141 837 1196 est
859 1142 968 1198 eontra
991 1151 1118 1219 magos,
1141 1132 1303 1214 praedixi-

158 1260 245 1328 mus,
270 1244 321 1306 ubi
344 1243 557 1325 exposuimus,
592 1241 748 1323 quomodo
778 1240 890 1304 multos
922 1241 1113 1324 decipientes
1142 1241 1303 1327 seducant,

159 1351 269 1435 quibus
292 1350 318 1414 si
342 1349 429 1414 cordi
453 1351 510 1413 erit
532 1351 704 1413 accuratius
727 1349 766 1412 ad
790 1369 836 1432 ea,
860 1367 939 1430 quae
966 1347 1148 1433 dictasunt,
1172 1350 1303 1413 animum

160 1457 334 1542 advertere,
357 1465 551 1539 cognoscent
574 1457 668 1520 llarci
693 1455 829 1520 fraudes.
1312 1461 1326 1512 1

246 1563 296 1628 40.
343 1565 401 1640 Qui
425 1571 456 1627 et
479 1563 622 1647 poculum
647 1563 746 1626 minus
771 1565 904 1626 miscens
928 1560 1019 1626 dabat
1041 1561 1238 1626 mulierculae
1265 1561 1303 1627 ad

159 1671 420 1756 consecrandum,
460 1673 527 1754 ipse
565 1671 719 1736 adsistens
752 1677 784 1734 et
820 1670 948 1734 alterum
981 1688 1071 1734 manu
1109 1678 1218 1734 tenens
1251 1669 1303 1734 illo

161 1783 257 1845 maius
280 1780 372 1863 idque
396 1798 542 1863 vacuum,
573 1788 605 1844 et
626 1786 787 1862 postquam
811 1779 1007 1842 consecravit
1035 1778 1143 1840 mulier
1165 1777 1304 1862 decepta,

160 1907 286 1953 sumens
310 1886 490 1952 infundebat
512 1889 542 1950 in
566 1889 661 1950 maius
691 1893 723 1950 et
746 1885 912 1950 identidem
936 1883 1153 1950 transfundens
1175 1883 1328 1949 alterumn

160 1999 190 2060 in
214 1997 339 2061 alterum
364 1993 496 2059 addebat
517 1994 597 2058 baec
620 1995 729 2058 verba:
753 1996 822 2072 Illo,
847 2013 926 2075 qaue
950 2000 997 2056 est
1017 2001 1088 2055 onte
1109 1993 1227 2072 omnio,
1250 1993 1304 2055 in-

161 2103 441 2185 comprehensibilis
463 2110 496 2167 et
514 2099 681 2182 ineffabilia
702 2103 807 2182 pretio
833 2102 959 2182 impleut
988 2108 1069 2162 tuum
1099 2102 1181 2162 intus
1206 2101 1306 2162 bomi-

161 2231 229 2274 rrem
260 2219 291 2274 et
317 2218 432 2291 capeat
462 2211 495 2272 io
530 2218 558 2272 te
591 2210 821 2291 intellipentr'nm
856 2211 921 2288 aui,
957 2210 1140 2290 inepcrpcus
1176 2227 1307 2290 prunum

161 2319 279 2399 ainupr's
300 2319 334 2379 in
356 2316 467 2380 bonum
489 2324 613 2382 terrem.
668 2316 707 2378 llt
728 2316 798 2380 talia
824 2315 974 2398 quaedam
999 2315 1108 2379 affatus
1131 2319 1223 2398 atque
1244 2315 1305 2380 ob·

163 2425 370 2505 stupefaciens
394 2432 425 2486 et
447 2423 605 2505 deceptam
625 2423 705 2486 illam
730 2432 762 2487 et
778 2424 829 2506 qui
844 2423 954 2488 adsunt
974 2431 1117 2505 tanquam
1141 2424 1345 2487 miraculo-to

162 2550 228 2595 rum
252 2531 380 2596 effector
402 2530 587 2614 habebatur,
610 2549 678 2594 cum
702 2532 798 2595 maius
821 2530 964 2613 poculum
988 2549 1027 2593 ex
1050 2531 1169 2594 minore
1191 2529 1304 2612 imple-

162 2645 263 2722 retur,
285 2645 318 2701 ut
341 2638 389 2701 vel
411 2636 689 2720 superfunderetur
710 2637 880 2702 abundans.
933 2639 1035 2717 Atque
1064 2636 1153 2701 buius
1183 2656 1306 2720 quoque

163 2751 258 2809 artem
282 2747 312 2808 in
336 2763 375 2809 eo
396 2744 492 2827 libro,
515 2763 604 2826 quem
622 2743 842 2828 praediximus,
868 2747 1082 2827 exposuimus,
1106 2745 1157 2808 ubi
1172 2743 1307 2808 demon-

163 2854 324 2917 stravimus
359 2852 487 2934 plurima
524 2851 745 2914 medicamenta
781 2869 875 2934 posse
912 2858 1106 2935 augmentum
1147 2852 1308 2934 praebere,

164 2980 232 3025 cum
265 2962 295 3024 in
330 2959 413 3022 illum
444 2958 566 3022 modum
598 2958 730 3023 admixta
761 2959 822 3022 sint
850 2958 1042 3042 humoribus,
1077 2960 1208 3022 maxime
1235 2961 1346 3023 vincte

165 3075 344 3150 temperato.
398 3068 535 3143 Quorum
570 3084 662 3130 unum
699 3065 822 3149 aliquod
860 3064 1114 3129 medicamentum
1146 3067 1177 3129 in
1208 3085 1307 3130 vacuo

164 3175 277 3257 poculo
301 3173 472 3238 clanculum
496 3181 656 3256 postquam
683 3173 829 3258 sublevit,
860 3173 953 3254 idque
975 3180 1118 3254 tanquam
1143 3173 1217 3236 nibil
1240 3174 1309 3237 insit

167 3282 365 3365 monstravit,
388 3289 419 3346 et
441 3281 548 3345 alludit
570 3300 610 3345 ex
632 3282 751 3346 minore
779 3290 811 3344 et
826 3300 931 3346 rursus
955 3280 1069 3365 alludit,
1092 3281 1230 3346 resoluto
1253 3301 1309 3363 per

167 3389 328 3453 mixturam
351 3387 468 3452 humidi
488 3389 713 3452 medicamento
737 3395 844 3470 utpote
866 3387 1015 3452 llatuoso:
1039 3386 1205 3452 abundarit
1227 3390 1309 3452 mix-

166 3505 232 3560 tura
256 3503 288 3560 et
309 3498 339 3559 in
362 3501 477 3558 tantum
500 3497 615 3579 crevit,
637 3497 667 3558 in
691 3502 837 3577 quantum
859 3493 890 3558 id
912 3494 995 3577 quod
1018 3494 1146 3558 affusum
1172 3503 1218 3558 est
1238 3505 1349 3558 mo-to

166 3604 311 3688 rebatur,
333 3603 477 3684 quoniam
499 3601 558 3666 ista
587 3607 634 3664 est
664 3601 877 3664 medicamenti
906 3611 1023 3666 natura.
1076 3601 1215 3677 Quodsi
1241 3603 1309 3682 quis

165 3716 305 3793 seponat,
328 3726 391 3772 non
413 3709 506 3772 multo
530 3715 600 3790 post
620 3709 651 3771 iu
674 3708 842 3772 naturalem
866 3726 1040 3772 mensuram
1068 3727 1175 3772 rursus
1206 3709 1309 3791 abibit,

167 3816 379 3880 medicamenti
418 3817 447 3878 vi
485 3815 618 3878 extincta
657 3814 771 3878 humidi
807 3815 1011 3878 remansione.
1077 3813 1152 3878 ldeo
1191 3833 1310 3896 prope-

166 3931 273 3989 ranter
306 3924 343 3985 iis
371 3923 422 4004 qui
453 3921 582 3986 aderant
614 3921 785 4003 praebebat
811 3929 930 4006 potum,
963 3921 1004 3984 illi
1035 3928 1137 3985 autem
1167 3929 1310 4006 tanquam

167 4032 298 4094 divinum
324 4029 463 4111 quiddam
489 4038 519 4094 et
541 4029 602 4093 dee
624 4031 797 4093 meditatum
820 4029 983 4093 horrentes
1006 4029 1096 4094 simul
1125 4038 1156 4092 et
1184 4035 1350 4094 aventestt

166 4136 319 4202 bibebant.

167 4305 210 4363 Cf.
229 4305 302 4362 lrea.
382 4308 426 4363 ut.
446 4307 549 4383 ὁμοίως
567 4307 605 4384 la]
624 4308 748 4380 clpoirom
838 4307 883 4362 64.
903 4307 947 4362 65.
970 4303 1045 4363 Fort.
1070 4309 1223 4380 ἔμπροσθεν
1248 4307 1311 4360 lm-

163 4405 262 4474 χρίσας
279 4401 333 4455 xci.
351 4398 381 4455 Μ
515 4401 560 4455 66.
587 4397 661 4454 Fert.
681 4399 726 4453 rori
751 4401 838 4474 ἑτέρον
865 4399 965 4472 ὀλίγον.
984 4397 1029 4454 M:
1063 4399 1108 4451 rori
1131 4398 1311 4467 pttxpora'poc?

168 4497 212 4551 66.
233 4487 418 4569 ἀναλυομένη
436 4491 597 4564 Roeperua:
616 4491 802 4566 drcdccpcc'rou
821 4488 844 4546 G
861 4487 892 4546 Μ
1007 4491 1051 4544 69.
1070 4486 1209 4542 motem
1228 4485 1251 4542 G
