<?xml version="1.0" encoding="UTF-8"?>
<!DOCTYPE html PUBLIC "-//W3C//DTD XHTML 1.0 Transitional//EN"
    "http://www.w3.org/TR/xhtml1/DTD/xhtml1-transitional.dtd">
<html xmlns="http://www.w3.org/1999/xhtml" xml:lang="en" lang="en">
 <head>
  <title>
</title>
<meta http-equiv="Content-Type" content="text/html;charset=utf-8" />
  <meta name='ocr-system' content='tesseract 3.04.00' />
  <meta name='ocr-capabilities' content='ocr_page ocr_carea ocr_par ocr_line ocrx_word'/>
</head>
<body>
  <div class='ocr_page' id='page_1' title='image "./refutationisomn00hippgoog_0472.png"; bbox 0 0 3052 4984; ppageno 0'>
   <div class='ocr_carea' id='block_1_1' title="bbox 578 299 1238 366">
    <p class='ocr_par' dir='ltr' id='par_1_1' title="bbox 578 299 1238 366">
     <span class='ocr_line' id='line_1_1' title="bbox 578 299 1238 366; baseline 0.003 -4"><span class='ocrx_word' id='word_1_1' title='bbox 578 305 769 366; x_wconf 62' lang='lat' dir='ltr'><strong>enitendo.</strong></span> <span class='ocrx_word' id='word_1_2' title='bbox 1178 299 1238 366; x_wconf 81' lang='lat' dir='ltr'><strong>lul</strong></span> 
     </span>
    </p>
   </div>
   <div class='ocr_carea' id='block_1_2' title="bbox 82 469 1324 3245">
    <p class='ocr_par' dir='ltr' id='par_1_2' title="bbox 82 469 1324 3245">
     <span class='ocr_line' id='line_1_2' title="bbox 83 469 1244 557; baseline 0.002 -25"><span class='ocrx_word' id='word_1_3' title='bbox 83 473 271 554; x_wconf 77' lang='lat' dir='ltr'><strong>presbyteri</strong></span> <span class='ocrx_word' id='word_1_4' title='bbox 304 477 335 535; x_wconf 87' lang='lat' dir='ltr'><strong>et</strong></span> <span class='ocrx_word' id='word_1_5' title='bbox 368 470 491 534; x_wconf 86' lang='lat' dir='ltr'><strong>diaconi</strong></span> <span class='ocrx_word' id='word_1_6' title='bbox 524 471 637 557; x_wconf 76' lang='lat' dir='ltr'><strong>bigami</strong></span> <span class='ocrx_word' id='word_1_7' title='bbox 668 483 698 538; x_wconf 90' lang='lat' dir='ltr'><strong>et</strong></span> <span class='ocrx_word' id='word_1_8' title='bbox 730 470 851 554; x_wconf 81' lang='lat' dir='ltr'><strong>trigami</strong></span> <span class='ocrx_word' id='word_1_9' title='bbox 886 471 916 533; x_wconf 93' lang='lat' dir='ltr'><strong>in</strong></span> <span class='ocrx_word' id='word_1_10' title='bbox 948 469 1074 534; x_wconf 77' lang='lat' dir='ltr'><strong>ordines</strong></span> <span class='ocrx_word' id='word_1_11' title='bbox 1103 469 1244 534; x_wconf 75' lang='lat' dir='ltr'><strong>adscisci.</strong></span> 
     </span>
     <span class='ocr_line' id='line_1_3' title="bbox 82 577 1280 660; baseline 0.004 -22"><span class='ocrx_word' id='word_1_12' title='bbox 82 577 209 642; x_wconf 85' lang='lat' dir='ltr'><strong>Verum</strong></span> <span class='ocrx_word' id='word_1_13' title='bbox 234 581 368 642; x_wconf 89' lang='lat' dir='ltr'><strong>etiamsi</strong></span> <span class='ocrx_word' id='word_1_14' title='bbox 404 579 472 660; x_wconf 89' lang='lat' dir='ltr'><strong>quis</strong></span> <span class='ocrx_word' id='word_1_15' title='bbox 499 581 529 642; x_wconf 92' lang='lat' dir='ltr'><strong>in</strong></span> <span class='ocrx_word' id='word_1_16' title='bbox 561 581 669 643; x_wconf 89' lang='lat' dir='ltr'><strong>ordine</strong></span> <span class='ocrx_word' id='word_1_17' title='bbox 701 581 881 642; x_wconf 89' lang='lat' dir='ltr'><strong>constitutus</strong></span> <span class='ocrx_word' id='word_1_18' title='bbox 905 577 1128 640; x_wconf 78' lang='lat' dir='ltr'><strong>matrimonium</strong></span> <span class='ocrx_word' id='word_1_19' title='bbox 1151 577 1280 658; x_wconf 87' lang='lat' dir='ltr'><strong>ineat‚to</strong></span> 
     </span>
     <span class='ocr_line' id='line_1_4' title="bbox 84 685 1241 768; baseline -0.001 -21"><span class='ocrx_word' id='word_1_20' title='bbox 84 703 223 748; x_wconf 87' lang='lat' dir='ltr'><strong>manere</strong></span> <span class='ocrx_word' id='word_1_21' title='bbox 257 685 347 749; x_wconf 90' lang='lat' dir='ltr'><strong>talem</strong></span> <span class='ocrx_word' id='word_1_22' title='bbox 383 685 537 750; x_wconf 88' lang='lat' dir='ltr'><strong>bominem</strong></span> <span class='ocrx_word' id='word_1_23' title='bbox 567 689 597 750; x_wconf 90' lang='lat' dir='ltr'><strong>in</strong></span> <span class='ocrx_word' id='word_1_24' title='bbox 630 687 736 752; x_wconf 90' lang='lat' dir='ltr'><strong>ordine</strong></span> <span class='ocrx_word' id='word_1_25' title='bbox 764 686 851 768; x_wconf 87' lang='lat' dir='ltr'><strong>quasi</strong></span> <span class='ocrx_word' id='word_1_26' title='bbox 885 703 947 750; x_wconf 94' lang='lat' dir='ltr'><strong>non</strong></span> <span class='ocrx_word' id='word_1_27' title='bbox 980 687 1172 767; x_wconf 85' lang='lat' dir='ltr'><strong>peccauerit;</strong></span> <span class='ocrx_word' id='word_1_28' title='bbox 1202 685 1241 749; x_wconf 87' lang='lat' dir='ltr'><strong>de</strong></span> 
     </span>
     <span class='ocr_line' id='line_1_5' title="bbox 84 791 1243 879; baseline 0.003 -25"><span class='ocrx_word' id='word_1_29' title='bbox 84 792 155 856; x_wconf 93' lang='lat' dir='ltr'><strong>boc</strong></span> <span class='ocrx_word' id='word_1_30' title='bbox 180 792 345 876; x_wconf 87' lang='lat' dir='ltr'><strong>perhibens</strong></span> <span class='ocrx_word' id='word_1_31' title='bbox 369 793 480 858; x_wconf 89' lang='lat' dir='ltr'><strong>dietum</strong></span> <span class='ocrx_word' id='word_1_32' title='bbox 504 812 591 879; x_wconf 87' lang='lat' dir='ltr'><strong>esse,</strong></span> <span class='ocrx_word' id='word_1_33' title='bbox 623 795 704 878; x_wconf 86' lang='lat' dir='ltr'><strong>quod</strong></span> <span class='ocrx_word' id='word_1_34' title='bbox 736 795 773 858; x_wconf 86' lang='lat' dir='ltr'><strong>ab</strong></span> <span class='ocrx_word' id='word_1_35' title='bbox 796 793 937 877; x_wconf 90' lang='lat' dir='ltr'><strong>apostolo</strong></span> <span class='ocrx_word' id='word_1_36' title='bbox 968 791 1164 856; x_wconf 89' lang='lat' dir='ltr'><strong>dictumest:</strong></span> <span class='ocrx_word' id='word_1_37' title='bbox 1199 795 1243 857; x_wconf 78' lang='lat' dir='ltr'><strong>lla</strong></span> 
     </span>
     <span class='ocr_line' id='line_1_6' title="bbox 84 900 1275 984; baseline -0.001 -21"><span class='ocrx_word' id='word_1_38' title='bbox 84 903 164 983; x_wconf 79' lang='lat' dir='ltr'><strong>quis</strong></span> <span class='ocrx_word' id='word_1_39' title='bbox 187 922 222 964; x_wconf 84' lang='lat' dir='ltr'><strong>es</strong></span> <span class='ocrx_word' id='word_1_40' title='bbox 244 904 297 984; x_wconf 82' lang='lat' dir='ltr'><strong>qui</strong></span> <span class='ocrx_word' id='word_1_41' title='bbox 318 903 436 966; x_wconf 82' lang='lat' dir='ltr'><strong>iudicer</strong></span> <span class='ocrx_word' id='word_1_42' title='bbox 458 903 591 966; x_wconf 81' lang='lat' dir='ltr'><strong>alienum</strong></span> <span class='ocrx_word' id='word_1_43' title='bbox 612 904 757 967; x_wconf 65' lang='lat' dir='ltr'><strong>recum?</strong></span> <span class='ocrx_word' id='word_1_44' title='bbox 812 903 922 965; x_wconf 89' lang='lat' dir='ltr'><strong>Verum</strong></span> <span class='ocrx_word' id='word_1_45' title='bbox 954 902 1042 964; x_wconf 85' lang='lat' dir='ltr'><strong>eliam</strong></span> <span class='ocrx_word' id='word_1_46' title='bbox 1065 900 1240 983; x_wconf 87' lang='lat' dir='ltr'><strong>parabolam</strong></span> <span class='ocrx_word' id='word_1_47' title='bbox 1272 953 1275 962; x_wconf 54' lang='lat'><strong>.</strong></span> 
     </span>
     <span class='ocr_line' id='line_1_7' title="bbox 86 1009 1241 1092; baseline 0 -20"><span class='ocrx_word' id='word_1_48' title='bbox 86 1009 131 1072; x_wconf 89' lang='lat' dir='ltr'><strong>de</strong></span> <span class='ocrx_word' id='word_1_49' title='bbox 156 1011 285 1074; x_wconf 76' lang='lat' dir='ltr'><strong>zizaniis</strong></span> <span class='ocrx_word' id='word_1_50' title='bbox 308 1011 345 1073; x_wconf 89' lang='lat' dir='ltr'><strong>ed</strong></span> <span class='ocrx_word' id='word_1_51' title='bbox 368 1009 429 1074; x_wconf 89' lang='lat' dir='ltr'><strong>boo</strong></span> <span class='ocrx_word' id='word_1_52' title='bbox 450 1011 622 1092; x_wconf 87' lang='lat' dir='ltr'><strong>portinere:</strong></span> <span class='ocrx_word' id='word_1_53' title='bbox 654 1011 755 1074; x_wconf 78' lang='lat' dir='ltr'><strong>Sinite</strong></span> <span class='ocrx_word' id='word_1_54' title='bbox 783 1011 905 1072; x_wconf 80' lang='grc' dir='ltr'><strong><em>οίοοιιία</em></strong></span> <span class='ocrx_word' id='word_1_55' title='bbox 927 1028 1068 1071; x_wconf 82' lang='lat' dir='ltr'><strong>crescere</strong></span> <span class='ocrx_word' id='word_1_56' title='bbox 1090 1027 1158 1070; x_wconf 88' lang='lat' dir='ltr'><strong>cum</strong></span> <span class='ocrx_word' id='word_1_57' title='bbox 1181 1011 1241 1072; x_wconf 77' lang='lat' dir='ltr'><strong>tri-</strong></span> 
     </span>
     <span class='ocr_line' id='line_1_8' title="bbox 84 1115 1279 1200; baseline 0.005 -21"><span class='ocrx_word' id='word_1_58' title='bbox 84 1119 170 1196; x_wconf 86' lang='lat' dir='ltr'><strong>tico,</strong></span> <span class='ocrx_word' id='word_1_59' title='bbox 196 1115 256 1182; x_wconf 79' lang='lat' dir='ltr'><strong>bo‘c</strong></span> <span class='ocrx_word' id='word_1_60' title='bbox 278 1124 325 1182; x_wconf 90' lang='lat' dir='ltr'><strong>est</strong></span> <span class='ocrx_word' id='word_1_61' title='bbox 346 1119 377 1181; x_wconf 91' lang='lat' dir='ltr'><strong>in</strong></span> <span class='ocrx_word' id='word_1_62' title='bbox 401 1118 532 1182; x_wconf 90' lang='lat' dir='ltr'><strong>ecelesia</strong></span> <span class='ocrx_word' id='word_1_63' title='bbox 554 1125 727 1200; x_wconf 72' lang='lat' dir='ltr'><strong>peccantes.</strong></span> <span class='ocrx_word' id='word_1_64' title='bbox 772 1118 885 1181; x_wconf 88' lang='lat' dir='ltr'><strong>Verum</strong></span> <span class='ocrx_word' id='word_1_65' title='bbox 905 1119 995 1181; x_wconf 89' lang='lat' dir='ltr'><strong>etiam</strong></span> <span class='ocrx_word' id='word_1_66' title='bbox 1011 1135 1113 1180; x_wconf 85' lang='lat' dir='ltr'><strong>arcem</strong></span> <span class='ocrx_word' id='word_1_67' title='bbox 1125 1115 1279 1184; x_wconf 81' lang='lat' dir='ltr'><strong>Noacbitu</strong></span> 
     </span>
     <span class='ocr_line' id='line_1_9' title="bbox 84 1225 1245 1310; baseline -0.002 -20"><span class='ocrx_word' id='word_1_68' title='bbox 84 1228 120 1290; x_wconf 91' lang='lat' dir='ltr'><strong>in</strong></span> <span class='ocrx_word' id='word_1_69' title='bbox 146 1225 373 1290; x_wconf 86' lang='lat' dir='ltr'><strong>similitudinem</strong></span> <span class='ocrx_word' id='word_1_70' title='bbox 397 1227 549 1290; x_wconf 84' lang='lat' dir='ltr'><strong>ecclesiae</strong></span> <span class='ocrx_word' id='word_1_71' title='bbox 580 1227 656 1290; x_wconf 87' lang='lat' dir='ltr'><strong>dixit</strong></span> <span class='ocrx_word' id='word_1_72' title='bbox 684 1229 792 1291; x_wconf 83' lang='lat' dir='ltr'><strong>lectam</strong></span> <span class='ocrx_word' id='word_1_73' title='bbox 827 1243 918 1310; x_wconf 88' lang='lat' dir='ltr'><strong>esse,</strong></span> <span class='ocrx_word' id='word_1_74' title='bbox 949 1225 980 1286; x_wconf 90' lang='lat' dir='ltr'><strong>in</strong></span> <span class='ocrx_word' id='word_1_75' title='bbox 1008 1241 1068 1306; x_wconf 81' lang='lat' dir='ltr'><strong>que</strong></span> <span class='ocrx_word' id='word_1_76' title='bbox 1095 1241 1188 1287; x_wconf 88' lang='lat' dir='ltr'><strong>canes</strong></span> <span class='ocrx_word' id='word_1_77' title='bbox 1207 1232 1245 1308; x_wconf 69' lang='lat' dir='ltr'><strong>et,</strong></span> 
     </span>
     <span class='ocr_line' id='line_1_10' title="bbox 84 1331 1242 1417; baseline -0.002 -20"><span class='ocrx_word' id='word_1_78' title='bbox 84 1333 154 1417; x_wconf 91' lang='lat' dir='ltr'><strong>lupi</strong></span> <span class='ocrx_word' id='word_1_79' title='bbox 179 1341 210 1397; x_wconf 92' lang='lat' dir='ltr'><strong>et</strong></span> <span class='ocrx_word' id='word_1_80' title='bbox 233 1336 318 1399; x_wconf 89' lang='lat' dir='ltr'><strong>corvi</strong></span> <span class='ocrx_word' id='word_1_81' title='bbox 343 1335 506 1417; x_wconf 86' lang='lat' dir='ltr'><strong>omniaque</strong></span> <span class='ocrx_word' id='word_1_82' title='bbox 530 1334 643 1399; x_wconf 87' lang='lat' dir='ltr'><strong>munda</strong></span> <span class='ocrx_word' id='word_1_83' title='bbox 666 1333 882 1416; x_wconf 87' lang='lat' dir='ltr'><strong>immundaque</strong></span> <span class='ocrx_word' id='word_1_84' title='bbox 911 1333 1043 1414; x_wconf 84' lang='lat' dir='ltr'><strong>tuerint,</strong></span> <span class='ocrx_word' id='word_1_85' title='bbox 1074 1335 1120 1397; x_wconf 89' lang='lat' dir='ltr'><strong>sic</strong></span> <span class='ocrx_word' id='word_1_86' title='bbox 1148 1331 1242 1416; x_wconf 72' lang='lat' dir='ltr'><strong>dicti-5</strong></span> 
     </span>
     <span class='ocr_line' id='line_1_11' title="bbox 85 1425 1254 1525; baseline 0.001 -22"><span class='ocrx_word' id='word_1_87' title='bbox 85 1449 160 1505; x_wconf 87' lang='lat' dir='ltr'><strong>tans</strong></span> <span class='ocrx_word' id='word_1_88' title='bbox 184 1442 216 1504; x_wconf 93' lang='lat' dir='ltr'><strong>in</strong></span> <span class='ocrx_word' id='word_1_89' title='bbox 241 1443 374 1507; x_wconf 83' lang='lat' dir='ltr'><strong>ecclesia</strong></span> <span class='ocrx_word' id='word_1_90' title='bbox 396 1451 543 1525; x_wconf 90' lang='lat' dir='ltr'><strong>oportere</strong></span> <span class='ocrx_word' id='word_1_91' title='bbox 566 1459 636 1506; x_wconf 90' lang='lat' dir='ltr'><strong>esse</strong></span> <span class='ocrx_word' id='word_1_92' title='bbox 658 1442 873 1520; x_wconf 86' lang='lat' dir='ltr'><strong>consimiliter;</strong></span> <span class='ocrx_word' id='word_1_93' title='bbox 906 1450 938 1505; x_wconf 89' lang='lat' dir='ltr'><strong>et</strong></span> <span class='ocrx_word' id='word_1_94' title='bbox 965 1459 1169 1524; x_wconf 84' lang='lat' dir='ltr'><strong>quaecunque</strong></span> <span class='ocrx_word' id='word_1_95' title='bbox 1202 1425 1254 1504; x_wconf 84' lang='lat' dir='ltr'><strong>ad</strong></span> 
     </span>
     <span class='ocr_line' id='line_1_12' title="bbox 86 1547 1242 1634; baseline -0.002 -22"><span class='ocrx_word' id='word_1_96' title='bbox 86 1550 151 1612; x_wconf 91' lang='lat' dir='ltr'><strong>boc</strong></span> <span class='ocrx_word' id='word_1_97' title='bbox 176 1567 351 1632; x_wconf 79' lang='lat' dir='ltr'><strong>congerere</strong></span> <span class='ocrx_word' id='word_1_98' title='bbox 372 1557 507 1634; x_wconf 87' lang='lat' dir='ltr'><strong>poterat,</strong></span> <span class='ocrx_word' id='word_1_99' title='bbox 529 1552 561 1612; x_wconf 93' lang='lat' dir='ltr'><strong>in</strong></span> <span class='ocrx_word' id='word_1_100' title='bbox 584 1549 666 1614; x_wconf 90' lang='lat' dir='ltr'><strong>bunc</strong></span> <span class='ocrx_word' id='word_1_101' title='bbox 688 1550 810 1613; x_wconf 85' lang='lat' dir='ltr'><strong>modurn</strong></span> <span class='ocrx_word' id='word_1_102' title='bbox 834 1549 1129 1631; x_wconf 73' lang='lat' dir='ltr'><strong>interpretatorem.</strong></span> <span class='ocrx_word' id='word_1_103' title='bbox 1175 1547 1242 1610; x_wconf 83' lang='lat' dir='ltr'><strong>(lu-</strong></span> 
     </span>
     <span class='ocr_line' id='line_1_13' title="bbox 86 1655 1278 1740; baseline 0.001 -20"><span class='ocrx_word' id='word_1_104' title='bbox 86 1659 138 1720; x_wconf 90' lang='lat' dir='ltr'><strong>ius</strong></span> <span class='ocrx_word' id='word_1_105' title='bbox 164 1658 321 1722; x_wconf 88' lang='lat' dir='ltr'><strong>auditores</strong></span> <span class='ocrx_word' id='word_1_106' title='bbox 353 1657 496 1724; x_wconf 86' lang='lat' dir='ltr'><strong>delectati</strong></span> <span class='ocrx_word' id='word_1_107' title='bbox 523 1657 642 1739; x_wconf 89' lang='lat' dir='ltr'><strong>placitis</strong></span> <span class='ocrx_word' id='word_1_108' title='bbox 670 1666 851 1740; x_wconf 87' lang='lat' dir='ltr'><strong>permanent</strong></span> <span class='ocrx_word' id='word_1_109' title='bbox 882 1656 1044 1720; x_wconf 77' lang='lat' dir='ltr'><strong>illudentes</strong></span> <span class='ocrx_word' id='word_1_110' title='bbox 1068 1664 1099 1720; x_wconf 90' lang='lat' dir='ltr'><strong>et</strong></span> <span class='ocrx_word' id='word_1_111' title='bbox 1119 1655 1278 1721; x_wconf 83' lang='lat' dir='ltr'><strong>sibimetto</strong></span> 
     </span>
     <span class='ocr_line' id='line_1_14' title="bbox 88 1761 1239 1851; baseline 0.001 -24"><span class='ocrx_word' id='word_1_112' title='bbox 88 1767 166 1847; x_wconf 91' lang='lat' dir='ltr'><strong>ipsis</strong></span> <span class='ocrx_word' id='word_1_113' title='bbox 201 1775 233 1829; x_wconf 91' lang='lat' dir='ltr'><strong>et</strong></span> <span class='ocrx_word' id='word_1_114' title='bbox 264 1766 381 1851; x_wconf 87' lang='lat' dir='ltr'><strong>multis,</strong></span> <span class='ocrx_word' id='word_1_115' title='bbox 413 1784 541 1848; x_wconf 83' lang='lat' dir='ltr'><strong>quorum</strong></span> <span class='ocrx_word' id='word_1_116' title='bbox 578 1767 685 1830; x_wconf 85' lang='lat' dir='ltr'><strong>turbae</strong></span> <span class='ocrx_word' id='word_1_117' title='bbox 716 1766 753 1830; x_wconf 88' lang='lat' dir='ltr'><strong>ad</strong></span> <span class='ocrx_word' id='word_1_118' title='bbox 785 1765 922 1830; x_wconf 83' lang='lat' dir='ltr'><strong>sobolom</strong></span> <span class='ocrx_word' id='word_1_119' title='bbox 955 1764 1036 1830; x_wconf 87' lang='lat' dir='ltr'><strong>illum</strong></span> <span class='ocrx_word' id='word_1_120' title='bbox 1072 1761 1239 1829; x_wconf 85' lang='lat' dir='ltr'><strong>confluunt.</strong></span> 
     </span>
     <span class='ocr_line' id='line_1_15' title="bbox 89 1872 1241 1957; baseline 0 -21"><span class='ocrx_word' id='word_1_121' title='bbox 89 1872 260 1955; x_wconf 75' lang='lat' dir='ltr'><strong>Propterea</strong></span> <span class='ocrx_word' id='word_1_122' title='bbox 292 1881 322 1937; x_wconf 89' lang='lat' dir='ltr'><strong>et</strong></span> <span class='ocrx_word' id='word_1_123' title='bbox 349 1880 500 1955; x_wconf 77' lang='lat' dir='ltr'><strong>augentur</strong></span> <span class='ocrx_word' id='word_1_124' title='bbox 529 1873 744 1956; x_wconf 85' lang='lat' dir='ltr'><strong>superbientes</strong></span> <span class='ocrx_word' id='word_1_125' title='bbox 777 1873 871 1937; x_wconf 89' lang='lat' dir='ltr'><strong>turbis</strong></span> <span class='ocrx_word' id='word_1_126' title='bbox 901 1879 1029 1956; x_wconf 90' lang='lat' dir='ltr'><strong>propter</strong></span> <span class='ocrx_word' id='word_1_127' title='bbox 1055 1873 1241 1957; x_wconf 80' lang='lat' dir='ltr'><strong>uoluptates,</strong></span> 
     </span>
     <span class='ocr_line' id='line_1_16' title="bbox 89 1979 1236 2066; baseline 0.003 -23"><span class='ocrx_word' id='word_1_128' title='bbox 89 1999 168 2063; x_wconf 87' lang='lat' dir='ltr'><strong>quas</strong></span> <span class='ocrx_word' id='word_1_129' title='bbox 192 1998 256 2044; x_wconf 93' lang='lat' dir='ltr'><strong>non</strong></span> <span class='ocrx_word' id='word_1_130' title='bbox 283 1982 420 2064; x_wconf 86' lang='lat' dir='ltr'><strong>permisit</strong></span> <span class='ocrx_word' id='word_1_131' title='bbox 453 1981 607 2066; x_wconf 78' lang='lat' dir='ltr'><strong>cbristus,</strong></span> <span class='ocrx_word' id='word_1_132' title='bbox 638 1999 700 2063; x_wconf 82' lang='lat' dir='ltr'><strong>quo</strong></span> <span class='ocrx_word' id='word_1_133' title='bbox 731 1987 903 2062; x_wconf 86' lang='lat' dir='ltr'><strong>contemplo</strong></span> <span class='ocrx_word' id='word_1_134' title='bbox 934 1979 1047 2044; x_wconf 87' lang='lat' dir='ltr'><strong>nullum</strong></span> <span class='ocrx_word' id='word_1_135' title='bbox 1077 1987 1236 2062; x_wconf 85' lang='lat' dir='ltr'><strong>peccatum</strong></span> 
     </span>
     <span class='ocr_line' id='line_1_17' title="bbox 89 2085 1239 2175; baseline -0.003 -23"><span class='ocrx_word' id='word_1_136' title='bbox 89 2088 272 2175; x_wconf 88' lang='lat' dir='ltr'><strong>probibent,</strong></span> <span class='ocrx_word' id='word_1_137' title='bbox 307 2090 481 2154; x_wconf 88' lang='lat' dir='ltr'><strong>dictitantes</strong></span> <span class='ocrx_word' id='word_1_138' title='bbox 518 2109 587 2153; x_wconf 91' lang='lat' dir='ltr'><strong>eum</strong></span> <span class='ocrx_word' id='word_1_139' title='bbox 619 2089 787 2172; x_wconf 76' lang='lat' dir='ltr'><strong>ignoscere</strong></span> <span class='ocrx_word' id='word_1_140' title='bbox 817 2088 1002 2152; x_wconf 86' lang='lat' dir='ltr'><strong>volentibus.</strong></span> <span class='ocrx_word' id='word_1_141' title='bbox 1059 2085 1178 2152; x_wconf 87' lang='lat' dir='ltr'><strong>Etenim</strong></span> <span class='ocrx_word' id='word_1_142' title='bbox 1207 2093 1239 2150; x_wconf 85' lang='lat' dir='ltr'><strong>et</strong></span> 
     </span>
     <span class='ocr_line' id='line_1_18' title="bbox 89 2193 1274 2282; baseline 0.003 -24"><span class='ocrx_word' id='word_1_143' title='bbox 89 2198 269 2262; x_wconf 87' lang='lat' dir='ltr'><strong>mulieribus</strong></span> <span class='ocrx_word' id='word_1_144' title='bbox 306 2197 461 2282; x_wconf 87' lang='lat' dir='ltr'><strong>permisit,</strong></span> <span class='ocrx_word' id='word_1_145' title='bbox 504 2204 553 2282; x_wconf 86' lang='lat' dir='ltr'><strong>ut-,</strong></span> <span class='ocrx_word' id='word_1_146' title='bbox 600 2197 626 2260; x_wconf 90' lang='lat' dir='ltr'><strong>si</strong></span> <span class='ocrx_word' id='word_1_147' title='bbox 669 2197 816 2279; x_wconf 86' lang='lat' dir='ltr'><strong>innuptae</strong></span> <span class='ocrx_word' id='word_1_148' title='bbox 861 2202 966 2260; x_wconf 87' lang='lat' dir='ltr'><strong>essent</strong></span> <span class='ocrx_word' id='word_1_149' title='bbox 1009 2193 1274 2277; x_wconf 78' lang='lat' dir='ltr'><strong>flagrarenlqueae</strong></span> 
     </span>
     <span class='ocr_line' id='line_1_19' title="bbox 90 2303 1237 2389; baseline -0.002 -21"><span class='ocrx_word' id='word_1_150' title='bbox 90 2323 198 2369; x_wconf 86' lang='lat' dir='ltr'><strong>amore</strong></span> <span class='ocrx_word' id='word_1_151' title='bbox 235 2311 337 2370; x_wconf 85' lang='lat' dir='ltr'><strong>aetate</strong></span> <span class='ocrx_word' id='word_1_152' title='bbox 366 2305 506 2388; x_wconf 77' lang='lat' dir='ltr'><strong>indigna,</strong></span> <span class='ocrx_word' id='word_1_153' title='bbox 540 2304 589 2370; x_wconf 84' lang='lat' dir='ltr'><strong>vel</strong></span> <span class='ocrx_word' id='word_1_154' title='bbox 622 2303 799 2389; x_wconf 73' lang='lat' dir='ltr'><strong>dignitatem</strong></span> <span class='ocrx_word' id='word_1_155' title='bbox 825 2322 911 2371; x_wconf 89' lang='lat' dir='ltr'><strong>suern</strong></span> <span class='ocrx_word' id='word_1_156' title='bbox 947 2304 1080 2385; x_wconf 85' lang='lat' dir='ltr'><strong>perdere</strong></span> <span class='ocrx_word' id='word_1_157' title='bbox 1118 2303 1237 2367; x_wconf 86' lang='lat' dir='ltr'><strong>nollent</strong></span> 
     </span>
     <span class='ocr_line' id='line_1_20' title="bbox 91 2410 1324 2508; baseline 0 -33"><span class='ocrx_word' id='word_1_158' title='bbox 91 2414 227 2496; x_wconf 80' lang='lat' dir='ltr'><strong>legitimo</strong></span> <span class='ocrx_word' id='word_1_159' title='bbox 261 2413 470 2496; x_wconf 88' lang='lat' dir='ltr'><strong>matrimonio,</strong></span> <span class='ocrx_word' id='word_1_160' title='bbox 503 2412 654 2478; x_wconf 89' lang='lat' dir='ltr'><strong>baberent</strong></span> <span class='ocrx_word' id='word_1_161' title='bbox 681 2431 791 2494; x_wconf 86' lang='lat' dir='ltr'><strong>unum,</strong></span> <span class='ocrx_word' id='word_1_162' title='bbox 825 2429 1042 2495; x_wconf 84' lang='lat' dir='ltr'><strong>quemcunque</strong></span> <span class='ocrx_word' id='word_1_163' title='bbox 1076 2410 1236 2497; x_wconf 79' lang='lat' dir='ltr'><strong>elegerim,</strong></span> <span class='ocrx_word' id='word_1_164' title='bbox 1319 2495 1324 2508; x_wconf 89' lang='lat'><strong>.</strong></span> 
     </span>
     <span class='ocr_line' id='line_1_21' title="bbox 91 2519 1235 2605; baseline 0.002 -23"><span class='ocrx_word' id='word_1_165' title='bbox 91 2521 311 2605; x_wconf 87' lang='lat' dir='ltr'><strong>concubinum,</strong></span> <span class='ocrx_word' id='word_1_166' title='bbox 346 2521 413 2584; x_wconf 88' lang='lat' dir='ltr'><strong>sive</strong></span> <span class='ocrx_word' id='word_1_167' title='bbox 442 2538 564 2584; x_wconf 84' lang='lat' dir='ltr'><strong>servum</strong></span> <span class='ocrx_word' id='word_1_168' title='bbox 591 2521 658 2583; x_wconf 85' lang='lat' dir='ltr'><strong>sive</strong></span> <span class='ocrx_word' id='word_1_169' title='bbox 685 2519 828 2604; x_wconf 87' lang='lat' dir='ltr'><strong>liberum,</strong></span> <span class='ocrx_word' id='word_1_170' title='bbox 860 2537 991 2602; x_wconf 84' lang='lat' dir='ltr'><strong>eumque</strong></span> <span class='ocrx_word' id='word_1_171' title='bbox 1020 2519 1149 2584; x_wconf 88' lang='lat' dir='ltr'><strong>baberet</strong></span> <span class='ocrx_word' id='word_1_172' title='bbox 1177 2537 1235 2602; x_wconf 94' lang='lat' dir='ltr'><strong>pro</strong></span> 
     </span>
     <span class='ocr_line' id='line_1_22' title="bbox 92 2625 1237 2711; baseline 0.002 -22"><span class='ocrx_word' id='word_1_173' title='bbox 92 2629 199 2690; x_wconf 86' lang='lat' dir='ltr'><strong>marito</strong></span> <span class='ocrx_word' id='word_1_174' title='bbox 218 2645 280 2690; x_wconf 93' lang='lat' dir='ltr'><strong>non</strong></span> <span class='ocrx_word' id='word_1_175' title='bbox 304 2625 441 2710; x_wconf 81' lang='lat' dir='ltr'><strong>legitime</strong></span> <span class='ocrx_word' id='word_1_176' title='bbox 463 2635 567 2710; x_wconf 87' lang='lat' dir='ltr'><strong>nupta.</strong></span> <span class='ocrx_word' id='word_1_177' title='bbox 611 2627 730 2692; x_wconf 84' lang='lat' dir='ltr'><strong>Exinde</strong></span> <span class='ocrx_word' id='word_1_178' title='bbox 753 2628 910 2711; x_wconf 89' lang='lat' dir='ltr'><strong>mutieres,</strong></span> <span class='ocrx_word' id='word_1_179' title='bbox 944 2645 1024 2709; x_wconf 86' lang='lat' dir='ltr'><strong>quae</strong></span> <span class='ocrx_word' id='word_1_180' title='bbox 1055 2627 1237 2691; x_wconf 89' lang='lat' dir='ltr'><strong>dicebantur</strong></span> 
     </span>
     <span class='ocr_line' id='line_1_23' title="bbox 92 2734 1273 2819; baseline -0.003 -22"><span class='ocrx_word' id='word_1_181' title='bbox 92 2735 212 2819; x_wconf 85' lang='lat' dir='ltr'><strong>fideles,</strong></span> <span class='ocrx_word' id='word_1_182' title='bbox 235 2734 457 2800; x_wconf 88' lang='lat' dir='ltr'><strong>medicamenta</strong></span> <span class='ocrx_word' id='word_1_183' title='bbox 483 2740 601 2800; x_wconf 87' lang='lat' dir='ltr'><strong>tentare</strong></span> <span class='ocrx_word' id='word_1_184' title='bbox 630 2745 817 2818; x_wconf 85' lang='lat' dir='ltr'><strong>coeperunt,</strong></span> <span class='ocrx_word' id='word_1_185' title='bbox 851 2753 930 2816; x_wconf 86' lang='lat' dir='ltr'><strong>quae</strong></span> <span class='ocrx_word' id='word_1_186' title='bbox 960 2734 1082 2798; x_wconf 84' lang='lat' dir='ltr'><strong>steriles</strong></span> <span class='ocrx_word' id='word_1_187' title='bbox 1109 2735 1273 2815; x_wconf 82' lang='lat' dir='ltr'><strong>iaciunt,eo</strong></span> 
     </span>
     <span class='ocr_line' id='line_1_24' title="bbox 93 2839 1235 2926; baseline -0.002 -22"><span class='ocrx_word' id='word_1_188' title='bbox 93 2842 263 2924; x_wconf 73' lang='lat' dir='ltr'><strong>insciusque</strong></span> <span class='ocrx_word' id='word_1_189' title='bbox 298 2842 335 2904; x_wconf 90' lang='lat' dir='ltr'><strong>ad</strong></span> <span class='ocrx_word' id='word_1_190' title='bbox 365 2849 469 2923; x_wconf 86' lang='lat' dir='ltr'><strong>partus</strong></span> <span class='ocrx_word' id='word_1_191' title='bbox 501 2842 703 2926; x_wconf 76' lang='lat' dir='ltr'><strong>abigendos‚.</strong></span> <span class='ocrx_word' id='word_1_192' title='bbox 724 2848 889 2925; x_wconf 88' lang='lat' dir='ltr'><strong>propterea</strong></span> <span class='ocrx_word' id='word_1_193' title='bbox 922 2840 1004 2924; x_wconf 89' lang='lat' dir='ltr'><strong>quod</strong></span> <span class='ocrx_word' id='word_1_194' title='bbox 1039 2839 1186 2905; x_wconf 82' lang='lat' dir='ltr'><strong>nolebant</strong></span> <span class='ocrx_word' id='word_1_195' title='bbox 1218 2859 1235 2902; x_wconf 91' lang='lat' dir='ltr'><strong>e</strong></span> 
     </span>
     <span class='ocr_line' id='line_1_25' title="bbox 94 2948 1235 3032; baseline 0.002 -22"><span class='ocrx_word' id='word_1_196' title='bbox 94 2965 183 3012; x_wconf 86' lang='lat' dir='ltr'><strong>servo</strong></span> <span class='ocrx_word' id='word_1_197' title='bbox 207 2949 350 3011; x_wconf 78' lang='lat' dir='ltr'><strong>infantem</strong></span> <span class='ocrx_word' id='word_1_198' title='bbox 379 2948 495 3013; x_wconf 87' lang='lat' dir='ltr'><strong>babere</strong></span> <span class='ocrx_word' id='word_1_199' title='bbox 519 2969 620 3032; x_wconf 86' lang='lat' dir='ltr'><strong>neque</strong></span> <span class='ocrx_word' id='word_1_200' title='bbox 644 2968 661 3012; x_wconf 89' lang='lat' dir='ltr'><strong>e</strong></span> <span class='ocrx_word' id='word_1_201' title='bbox 686 2952 752 3014; x_wconf 84' lang='lat' dir='ltr'><strong>uiro</strong></span> <span class='ocrx_word' id='word_1_202' title='bbox 780 2951 921 3013; x_wconf 89' lang='lat' dir='ltr'><strong>tenuiore</strong></span> <span class='ocrx_word' id='word_1_203' title='bbox 952 2955 1078 3031; x_wconf 88' lang='lat' dir='ltr'><strong>propter</strong></span> <span class='ocrx_word' id='word_1_204' title='bbox 1108 2948 1235 3032; x_wconf 77' lang='lat' dir='ltr'><strong>gentili·</strong></span> 
     </span>
     <span class='ocr_line' id='line_1_26' title="bbox 93 3054 1234 3138; baseline 0.003 -22"><span class='ocrx_word' id='word_1_205' title='bbox 93 3060 180 3119; x_wconf 82' lang='lat' dir='ltr'><strong>tatem</strong></span> <span class='ocrx_word' id='word_1_206' title='bbox 216 3057 399 3138; x_wconf 86' lang='lat' dir='ltr'><strong>nimiamque</strong></span> <span class='ocrx_word' id='word_1_207' title='bbox 433 3075 497 3120; x_wconf 77' lang='lat' dir='ltr'><strong>rein</strong></span> <span class='ocrx_word' id='word_1_208' title='bbox 530 3057 718 3122; x_wconf 76' lang='lat' dir='ltr'><strong>familiarem.</strong></span> <span class='ocrx_word' id='word_1_209' title='bbox 783 3055 908 3134; x_wconf 91' lang='lat' dir='ltr'><strong>Videle,</strong></span> <span class='ocrx_word' id='word_1_210' title='bbox 938 3054 1040 3136; x_wconf 84' lang='lat' dir='ltr'><strong>quoad</strong></span> <span class='ocrx_word' id='word_1_211' title='bbox 1072 3057 1234 3137; x_wconf 86' lang='lat' dir='ltr'><strong>impietatis</strong></span> 
     </span>
     <span class='ocr_line' id='line_1_27' title="bbox 94 3163 1231 3245; baseline 0 -19"><span class='ocrx_word' id='word_1_212' title='bbox 94 3164 278 3245; x_wconf 90' lang='lat' dir='ltr'><strong>processerit</strong></span> <span class='ocrx_word' id='word_1_213' title='bbox 301 3165 459 3245; x_wconf 89' lang='lat' dir='ltr'><strong>improbus</strong></span> <span class='ocrx_word' id='word_1_214' title='bbox 481 3165 532 3228; x_wconf 89' lang='lat' dir='ltr'><strong>ille</strong></span> <span class='ocrx_word' id='word_1_215' title='bbox 555 3167 734 3229; x_wconf 86' lang='lat' dir='ltr'><strong>adulterium</strong></span> <span class='ocrx_word' id='word_1_216' title='bbox 757 3163 947 3245; x_wconf 87' lang='lat' dir='ltr'><strong>eaedemque</strong></span> <span class='ocrx_word' id='word_1_217' title='bbox 968 3163 1056 3227; x_wconf 88' lang='lat' dir='ltr'><strong>simul</strong></span> <span class='ocrx_word' id='word_1_218' title='bbox 1072 3163 1231 3243; x_wconf 84' lang='lat' dir='ltr'><strong>docendp;</strong></span> 
     </span>
    </p>
   </div>
   <div class='ocr_carea' id='block_1_3' title="bbox 95 3319 1233 3516">
    <p class='ocr_par' dir='ltr' id='par_1_3' title="bbox 95 3319 1233 3516">
     <span class='ocr_line' id='line_1_28' title="bbox 95 3319 1233 3426; baseline 0 -22"><span class='ocrx_word' id='word_1_219' title='bbox 95 3319 248 3423; x_wconf 66' lang='lat' dir='ltr'><strong>xodcs&#39;pur,</strong></span> <span class='ocrx_word' id='word_1_220' title='bbox 267 3353 312 3407; x_wconf 77' lang='grc' dir='ltr'><strong>διὰ</strong></span> <span class='ocrx_word' id='word_1_221' title='bbox 331 3353 402 3406; x_wconf 76' lang='grc' dir='ltr'><strong><em>τοῦτο</em></strong></span> <span class='ocrx_word' id='word_1_222' title='bbox 421 3358 546 3426; x_wconf 77' lang='grc' dir='ltr'><strong><em>νομίμως</em></strong></span> <span class='ocrx_word' id='word_1_223' title='bbox 566 3352 723 3426; x_wconf 74' lang='grc' dir='ltr'><strong><em>γαμηθῆναι</em></strong></span> <span class='ocrx_word' id='word_1_224' title='bbox 738 3354 828 3423; x_wconf 76' lang='grc' dir='ltr'><strong><em>ίκείνῳ</em></strong></span> <span class='ocrx_word' id='word_1_225' title='bbox 847 3348 878 3404; x_wconf 85' lang='grc' dir='ltr'><strong>ίίν</strong></span> <span class='ocrx_word' id='word_1_226' title='bbox 896 3350 930 3404; x_wconf 78' lang='grc' dir='ltr'><strong>ἂν</strong></span> <span class='ocrx_word' id='word_1_227' title='bbox 949 3350 1108 3422; x_wconf 76' lang='grc' dir='ltr'><strong><em>αίρὴσωνται</em></strong></span> <span class='ocrx_word' id='word_1_228' title='bbox 1127 3349 1233 3422; x_wconf 80' lang='lat' dir='ltr'><strong>ou&#39;yxoa·</strong></span> 
     </span>
     <span class='ocr_line' id='line_1_29' title="bbox 95 3442 1233 3516; baseline 0.001 -20"><span class='ocrx_word' id='word_1_229' title='bbox 95 3462 138 3496; x_wconf 84' lang='grc' dir='ltr'><strong>τον</strong></span> <span class='ocrx_word' id='word_1_230' title='bbox 157 3443 405 3500; x_wconf 81' lang='lat' dir='ltr'><strong>Wordswortbius:</strong></span> <span class='ocrx_word' id='word_1_231' title='bbox 427 3447 451 3497; x_wconf 79' lang='grc' dir='ltr'><strong>εί</strong></span> <span class='ocrx_word' id='word_1_232' title='bbox 469 3444 599 3514; x_wconf 74' lang='grc' dir='ltr'><strong>ἄνανδροι</strong></span> <span class='ocrx_word' id='word_1_233' title='bbox 621 3447 673 3498; x_wconf 72' lang='lat' dir='ltr'><strong>alar</strong></span> <span class='ocrx_word' id='word_1_234' title='bbox 699 3445 746 3497; x_wconf 82' lang='grc' dir='ltr'><strong><em>καί</em></strong></span> <span class='ocrx_word' id='word_1_235' title='bbox 768 3443 854 3516; x_wconf 74' lang='grc' dir='ltr'><strong><em>ἡλικίᾳ</em></strong></span> <span class='ocrx_word' id='word_1_236' title='bbox 881 3462 912 3514; x_wconf 78' lang='grc' dir='ltr'><strong>γε</strong></span> <span class='ocrx_word' id='word_1_237' title='bbox 941 3445 1084 3496; x_wconf 71' lang='lat' dir='ltr'><strong>laxaturum</strong></span> <span class='ocrx_word' id='word_1_238' title='bbox 1111 3442 1233 3512; x_wconf 76' lang='grc' dir='ltr'><strong><em>(ἀνάξιαι</em></strong></span> 
     </span>
    </p>
   </div>
   <div class='ocr_carea' id='block_1_4' title="bbox 96 3535 1233 4535">
    <p class='ocr_par' dir='ltr' id='par_1_4' title="bbox 96 3535 1233 4535">
     <span class='ocr_line' id='line_1_30' title="bbox 96 3535 1233 3610; baseline 0.002 -22"><span class='ocrx_word' id='word_1_239' title='bbox 96 3539 125 3589; x_wconf 70' lang='lat' dir='ltr'><strong>ci*</strong></span> <span class='ocrx_word' id='word_1_240' title='bbox 140 3535 235 3590; x_wconf 68' lang='lat' dir='ltr'><strong>lavaur</strong></span> <span class='ocrx_word' id='word_1_241' title='bbox 254 3537 333 3600; x_wconf 78' lang='grc' dir='ltr'><strong><em>ἀξίαν</em></strong></span> <span class='ocrx_word' id='word_1_242' title='bbox 350 3538 389 3610; x_wconf 76' lang='grc' dir='ltr'><strong>μὴ</strong></span> <span class='ocrx_word' id='word_1_243' title='bbox 406 3536 541 3606; x_wconf 72' lang='grc' dir='ltr'><strong><em>βούλοιντο</em></strong></span> <span class='ocrx_word' id='word_1_244' title='bbox 560 3537 731 3608; x_wconf 75' lang='grc' dir='ltr'><strong><em>καθαιρεῖν),</em></strong></span> <span class='ocrx_word' id='word_1_245' title='bbox 758 3535 802 3590; x_wconf 73' lang='grc' dir='ltr'><strong>διὰ</strong></span> <span class='ocrx_word' id='word_1_246' title='bbox 827 3536 898 3589; x_wconf 76' lang='grc' dir='ltr'><strong><em>τοῦτο</em></strong></span> <span class='ocrx_word' id='word_1_247' title='bbox 925 3539 1050 3609; x_wconf 88' lang='grc' dir='ltr'><strong><em>νομίμως</em></strong></span> <span class='ocrx_word' id='word_1_248' title='bbox 1076 3537 1233 3609; x_wconf 73' lang='grc' dir='ltr'><strong><em>γαμηθῆναι</em></strong></span> 
     </span>
     <span class='ocr_line' id='line_1_31' title="bbox 96 3626 1231 3706; baseline 0.004 -26"><span class='ocrx_word' id='word_1_249' title='bbox 96 3629 145 3699; x_wconf 68' lang='grc' dir='ltr'><strong>ἔχει</strong></span> <span class='ocrx_word' id='word_1_250' title='bbox 161 3629 200 3682; x_wconf 75' lang='lat' dir='ltr'><strong>lai</strong></span> <span class='ocrx_word' id='word_1_251' title='bbox 218 3626 249 3684; x_wconf 76' lang='lat' dir='ltr'><strong>dr</strong></span> <span class='ocrx_word' id='word_1_252' title='bbox 267 3631 302 3683; x_wconf 79' lang='grc' dir='ltr'><strong>ἂν</strong></span> <span class='ocrx_word' id='word_1_253' title='bbox 319 3630 478 3700; x_wconf 78' lang='grc' dir='ltr'><strong><em>αίρὴσωνιαι</em></strong></span> <span class='ocrx_word' id='word_1_254' title='bbox 496 3650 520 3684; x_wconf 80' lang='grc' dir='ltr'><strong><em>α.</em></strong></span> <span class='ocrx_word' id='word_1_255' title='bbox 538 3648 558 3683; x_wconf 82' lang='grc' dir='ltr'><strong>τ.</strong></span> <span class='ocrx_word' id='word_1_256' title='bbox 578 3633 601 3684; x_wconf 85' lang='grc' dir='ltr'><strong>ί.</strong></span> <span class='ocrx_word' id='word_1_257' title='bbox 620 3628 794 3684; x_wconf 86' lang='lat' dir='ltr'><strong>Bunscnius:</strong></span> <span class='ocrx_word' id='word_1_258' title='bbox 816 3632 840 3682; x_wconf 83' lang='lat' dir='ltr'><strong>sl</strong></span> <span class='ocrx_word' id='word_1_259' title='bbox 857 3629 988 3700; x_wconf 69' lang='grc' dir='ltr'><strong><em>ἄνανδροι</em></strong></span> <span class='ocrx_word' id='word_1_260' title='bbox 1009 3631 1063 3684; x_wconf 74' lang='lat' dir='ltr'><strong>alra</strong></span> <span class='ocrx_word' id='word_1_261' title='bbox 1079 3631 1126 3684; x_wconf 78' lang='grc' dir='ltr'><strong><em>καί</em></strong></span> <span class='ocrx_word' id='word_1_262' title='bbox 1143 3631 1231 3706; x_wconf 65' lang='grc' dir='ltr'><strong><em>ἡλιαίᾳ</em></strong></span> 
     </span>
     <span class='ocr_line' id='line_1_32' title="bbox 96 3721 1232 3793; baseline 0.004 -20"><span class='ocrx_word' id='word_1_263' title='bbox 96 3723 208 3775; x_wconf 76' lang='grc' dir='ltr'><strong>καίονται</strong></span> <span class='ocrx_word' id='word_1_264' title='bbox 226 3725 260 3792; x_wconf 83' lang='lat' dir='ltr'><strong>(a.</strong></span> <span class='ocrx_word' id='word_1_265' title='bbox 278 3723 424 3792; x_wconf 55' lang='lat' dir='ltr'><strong>salomon,</strong></span> <span class='ocrx_word' id='word_1_266' title='bbox 443 3723 556 3786; x_wconf 76' lang='grc' dir='ltr'><strong><em>ἀναξία,</em></strong></span> <span class='ocrx_word' id='word_1_267' title='bbox 584 3723 627 3789; x_wconf 71' lang='grc' dir='ltr'><strong>τὴν</strong></span> <span class='ocrx_word' id='word_1_268' title='bbox 650 3721 749 3776; x_wconf 79' lang='grc' dir='ltr'><strong><em>ίαοιοίν</em></strong></span> <span class='ocrx_word' id='word_1_269' title='bbox 767 3721 846 3784; x_wconf 75' lang='grc' dir='ltr'><strong><em>ἀξίαν</em></strong></span> <span class='ocrx_word' id='word_1_270' title='bbox 871 3722 902 3787; x_wconf 82' lang='grc' dir='ltr'><strong>ἢν</strong></span> <span class='ocrx_word' id='word_1_271' title='bbox 918 3721 956 3793; x_wconf 77' lang='grc' dir='ltr'><strong>μὴ</strong></span> <span class='ocrx_word' id='word_1_272' title='bbox 972 3722 1109 3791; x_wconf 65' lang='grc' dir='ltr'><strong><em>βούλοιντο</em></strong></span> <span class='ocrx_word' id='word_1_273' title='bbox 1127 3727 1232 3780; x_wconf 75' lang='grc' dir='ltr'><strong><em>καθαί-</em></strong></span> 
     </span>
     <span class='ocr_line' id='line_1_33' title="bbox 97 3812 1231 3886; baseline 0.005 -20"><span class='ocrx_word' id='word_1_274' title='bbox 97 3831 155 3881; x_wconf 75' lang='grc' dir='ltr'><strong><em>ρειν.</em></strong></span> <span class='ocrx_word' id='word_1_275' title='bbox 190 3813 240 3868; x_wconf 77' lang='grc' dir='ltr'><strong>Διὰ</strong></span> <span class='ocrx_word' id='word_1_276' title='bbox 263 3833 287 3866; x_wconf 76' lang='grc' dir='ltr'><strong>κ.</strong></span> <span class='ocrx_word' id='word_1_277' title='bbox 306 3832 326 3867; x_wconf 86' lang='lat' dir='ltr'><strong>r.</strong></span> <span class='ocrx_word' id='word_1_278' title='bbox 344 3817 369 3869; x_wconf 85' lang='lat' dir='ltr'><strong>l.</strong></span> <span class='ocrx_word' id='word_1_279' title='bbox 422 3813 653 3886; x_wconf 77' lang='lat' dir='ltr'><strong>l.Doelliugerus</strong></span> <span class='ocrx_word' id='word_1_280' title='bbox 679 3814 707 3867; x_wconf 90' lang='grc' dir='ltr'><strong>ίο</strong></span> <span class='ocrx_word' id='word_1_281' title='bbox 735 3812 805 3868; x_wconf 91' lang='lat' dir='ltr'><strong>libro</strong></span> <span class='ocrx_word' id='word_1_282' title='bbox 836 3815 984 3885; x_wconf 74' lang='lat' dir='ltr'><strong>Hippolytus</strong></span> <span class='ocrx_word' id='word_1_283' title='bbox 1011 3818 1066 3869; x_wconf 76' lang='lat' dir='ltr'><strong>aad</strong></span> <span class='ocrx_word' id='word_1_284' title='bbox 1089 3818 1231 3884; x_wconf 69' lang='lat' dir='ltr'><strong>Kallirtuap</strong></span> 
     </span>
     <span class='ocr_line' id='line_1_34' title="bbox 96 3907 1231 3973; baseline 0.006 -15"><span class='ocrx_word' id='word_1_285' title='bbox 96 3907 152 3958; x_wconf 84' lang='lat' dir='ltr'><strong>oder</strong></span> <span class='ocrx_word' id='word_1_286' title='bbox 169 3907 207 3959; x_wconf 83' lang='lat' dir='ltr'><strong>dic</strong></span> <span class='ocrx_word' id='word_1_287' title='bbox 224 3909 369 3960; x_wconf 76' lang='grc' dir='ltr'><strong><em>Βοοιιίοοίιι</em></strong></span> <span class='ocrx_word' id='word_1_288' title='bbox 387 3909 485 3962; x_wconf 79' lang='lat' dir='ltr'><strong>Kircbc</strong></span> <span class='ocrx_word' id='word_1_289' title='bbox 509 3912 538 3962; x_wconf 84' lang='grc' dir='ltr'><strong>ίιι</strong></span> <span class='ocrx_word' id='word_1_290' title='bbox 561 3912 606 3963; x_wconf 83' lang='lat' dir='ltr'><strong>dar</strong></span> <span class='ocrx_word' id='word_1_291' title='bbox 628 3919 710 3962; x_wconf 72' lang='grc' dir='ltr'><strong><em>αιιιιι</em></strong></span> <span class='ocrx_word' id='word_1_292' title='bbox 735 3909 835 3973; x_wconf 79' lang='lat' dir='ltr'><strong>Haelsle</strong></span> <span class='ocrx_word' id='word_1_293' title='bbox 860 3909 903 3962; x_wconf 78' lang='lat' dir='ltr'><strong>der</strong></span> <span class='ocrx_word' id='word_1_294' title='bbox 926 3910 1016 3962; x_wconf 64' lang='lat' dir='ltr'><strong>delusa</strong></span> <span class='ocrx_word' id='word_1_295' title='bbox 1033 3911 1231 3965; x_wconf 74' lang='lat' dir='ltr'><strong>dubrbuadertr.</strong></span> 
     </span>
     <span class='ocr_line' id='line_1_35' title="bbox 100 3998 1231 4072; baseline 0.006 -22"><span class='ocrx_word' id='word_1_296' title='bbox 100 4000 253 4067; x_wconf 76' lang='lat' dir='ltr'><strong>llcpearburp</strong></span> <span class='ocrx_word' id='word_1_297' title='bbox 271 3998 374 4053; x_wconf 72' lang='lat'><em>1853„-</em></span> <span class='ocrx_word' id='word_1_298' title='bbox 392 4002 416 4053; x_wconf 82' lang='grc' dir='ltr'><strong>ιί</strong></span> <span class='ocrx_word' id='word_1_299' title='bbox 433 4001 564 4070; x_wconf 78' lang='grc' dir='ltr'><strong><em>ἄνανδροι</em></strong></span> <span class='ocrx_word' id='word_1_300' title='bbox 587 4003 642 4054; x_wconf 76' lang='lat' dir='ltr'><strong>star</strong></span> <span class='ocrx_word' id='word_1_301' title='bbox 665 4001 712 4054; x_wconf 77' lang='grc' dir='ltr'><strong><em>καί</em></strong></span> <span class='ocrx_word' id='word_1_302' title='bbox 735 3999 821 4072; x_wconf 71' lang='grc' dir='ltr'><strong><em>ἡλικίᾳ</em></strong></span> <span class='ocrx_word' id='word_1_303' title='bbox 839 3999 908 4060; x_wconf 80' lang='grc' dir='ltr'><strong><em>τινὸς</em></strong></span> <span class='ocrx_word' id='word_1_304' title='bbox 924 4005 1040 4054; x_wconf 70' lang='grc' dir='ltr'><strong><em>παίοιντο</em></strong></span> <span class='ocrx_word' id='word_1_305' title='bbox 1060 4002 1231 4069; x_wconf 59' lang='lat' dir='ltr'><strong>deuelleret:</strong></span> 
     </span>
     <span class='ocr_line' id='line_1_36' title="bbox 97 4086 1230 4167; baseline 0.006 -25"><span class='ocrx_word' id='word_1_306' title='bbox 97 4089 188 4142; x_wconf 77' lang='grc' dir='ltr'><strong><em>ίαατιῖίν</em></strong></span> <span class='ocrx_word' id='word_1_307' title='bbox 205 4088 297 4156; x_wconf 69' lang='grc' dir='ltr'><strong><em>ἀξίας,</em></strong></span> <span class='ocrx_word' id='word_1_308' title='bbox 315 4086 347 4155; x_wconf 63' lang='lat' dir='ltr'><strong>iia</strong></span> <span class='ocrx_word' id='word_1_309' title='bbox 364 4090 402 4162; x_wconf 79' lang='grc' dir='ltr'><strong>μὴ</strong></span> <span class='ocrx_word' id='word_1_310' title='bbox 419 4092 555 4161; x_wconf 74' lang='grc' dir='ltr'><strong><em>βούλοιντο</em></strong></span> <span class='ocrx_word' id='word_1_311' title='bbox 573 4096 717 4162; x_wconf 65' lang='grc' dir='ltr'><strong><em>καθαιρεῖν</em></strong></span> <span class='ocrx_word' id='word_1_312' title='bbox 741 4092 786 4146; x_wconf 73' lang='lat' dir='ltr'><strong>ote</strong></span> <span class='ocrx_word' id='word_1_313' title='bbox 811 4093 899 4156; x_wconf 74' lang='grc' dir='ltr'><strong><em>τοῦτο,</em></strong></span> <span class='ocrx_word' id='word_1_314' title='bbox 923 4097 1048 4167; x_wconf 81' lang='grc' dir='ltr'><strong><em>νομίμως</em></strong></span> <span class='ocrx_word' id='word_1_315' title='bbox 1073 4094 1230 4166; x_wconf 74' lang='grc' dir='ltr'><strong><em>γαμηθῆναι</em></strong></span> 
     </span>
     <span class='ocr_line' id='line_1_37' title="bbox 97 4179 1228 4260; baseline 0.005 -24"><span class='ocrx_word' id='word_1_316' title='bbox 97 4184 194 4254; x_wconf 80' lang='grc' dir='ltr'><strong><em>ίχιινα.</em></strong></span> <span class='ocrx_word' id='word_1_317' title='bbox 213 4200 233 4235; x_wconf 86' lang='lat' dir='ltr'><strong>r.</strong></span> <span class='ocrx_word' id='word_1_318' title='bbox 250 4183 275 4236; x_wconf 79' lang='grc' dir='ltr'><strong>ί.</strong></span> <span class='ocrx_word' id='word_1_319' title='bbox 294 4179 438 4254; x_wconf 82' lang='lat' dir='ltr'><strong>Roeperua</strong></span> <span class='ocrx_word' id='word_1_320' title='bbox 486 4231 490 4238; x_wconf 88' lang='lat'><strong>.</strong></span> <span class='ocrx_word' id='word_1_321' title='bbox 581 4187 626 4240; x_wconf 79' lang='lat'><strong>32</strong></span> <span class='ocrx_word' id='word_1_322' title='bbox 646 4181 775 4256; x_wconf 73' lang='grc' dir='ltr'><strong><em>ἥρεαιοῦ</em></strong></span> <span class='ocrx_word' id='word_1_323' title='bbox 918 4187 963 4241; x_wconf 82' lang='grc'><strong>33.</strong></span> <span class='ocrx_word' id='word_1_324' title='bbox 983 4187 1099 4248; x_wconf 70' lang='grc' dir='ltr'><strong><em>ἀτοπίαις</em></strong></span> <span class='ocrx_word' id='word_1_325' title='bbox 1116 4188 1228 4260; x_wconf 73' lang='grc' dir='ltr'><strong><em>φαρμα-</em></strong></span> 
     </span>
     <span class='ocr_line' id='line_1_38' title="bbox 98 4274 1228 4350; baseline 0.004 -22"><span class='ocrx_word' id='word_1_326' title='bbox 98 4294 148 4336; x_wconf 80' lang='grc' dir='ltr'><strong><em>ιιοις</em></strong></span> <span class='ocrx_word' id='word_1_327' title='bbox 162 4275 207 4328; x_wconf 78' lang='grc' dir='ltr'><strong><em>καί</em></strong></span> <span class='ocrx_word' id='word_1_328' title='bbox 224 4275 452 4347; x_wconf 74' lang='grc' dir='ltr'><strong><em>αιριδιομιῑσθαι]</em></strong></span> <span class='ocrx_word' id='word_1_329' title='bbox 471 4274 562 4348; x_wconf 75' lang='grc' dir='ltr'><strong><em>ἀπονίᾳ</em></strong></span> <span class='ocrx_word' id='word_1_330' title='bbox 580 4277 798 4349; x_wconf 72' lang='grc' dir='ltr'><strong><em>πιριδισμιίοθαι</em></strong></span> <span class='ocrx_word' id='word_1_331' title='bbox 816 4278 862 4332; x_wconf 75' lang='grc' dir='ltr'><strong><em>καί</em></strong></span> <span class='ocrx_word' id='word_1_332' title='bbox 879 4279 1036 4350; x_wconf 74' lang='grc' dir='ltr'><strong><em>φαρμάκοις</em></strong></span> <span class='ocrx_word' id='word_1_333' title='bbox 1058 4275 1080 4332; x_wconf 87' lang='lat' dir='ltr'><strong>G</strong></span> <span class='ocrx_word' id='word_1_334' title='bbox 1098 4275 1143 4332; x_wconf 79' lang='lat' dir='ltr'><strong>ll:</strong></span> <span class='ocrx_word' id='word_1_335' title='bbox 1162 4278 1228 4332; x_wconf 79' lang='lat' dir='ltr'><strong>dra-</strong></span> 
     </span>
     <span class='ocr_line' id='line_1_39' title="bbox 98 4367 1228 4442; baseline 0.002 -20"><span class='ocrx_word' id='word_1_336' title='bbox 98 4371 157 4428; x_wconf 82' lang='grc' dir='ltr'><strong><em>ιίοις</em></strong></span> <span class='ocrx_word' id='word_1_337' title='bbox 172 4368 327 4438; x_wconf 71' lang='grc' dir='ltr'><strong><em>φαρμάκοις</em></strong></span> <span class='ocrx_word' id='word_1_338' title='bbox 343 4368 390 4422; x_wconf 75' lang='grc' dir='ltr'><strong><em>καί</em></strong></span> <span class='ocrx_word' id='word_1_339' title='bbox 406 4367 442 4439; x_wconf 75' lang='grc' dir='ltr'><strong>τῷ</strong></span> <span class='ocrx_word' id='word_1_340' title='bbox 459 4370 677 4439; x_wconf 74' lang='grc' dir='ltr'><strong><em>πιριδιομιίοθαι</em></strong></span> <span class='ocrx_word' id='word_1_341' title='bbox 695 4367 867 4426; x_wconf 81' lang='lat' dir='ltr'><strong>Bonaenius:</strong></span> <span class='ocrx_word' id='word_1_342' title='bbox 891 4369 929 4425; x_wconf 70' lang='grc' dir='ltr'><strong>ἐπ’</strong></span> <span class='ocrx_word' id='word_1_343' title='bbox 954 4369 1046 4440; x_wconf 69' lang='grc' dir='ltr'><strong><em>ἀτονία</em></strong></span> <span class='ocrx_word' id='word_1_344' title='bbox 1064 4371 1228 4442; x_wconf 75' lang='grc' dir='ltr'><strong><em>πιριδισμιί·</em></strong></span> 
     </span>
     <span class='ocr_line' id='line_1_40' title="bbox 99 4459 1226 4535; baseline 0.004 -23"><span class='ocrx_word' id='word_1_345' title='bbox 99 4465 155 4514; x_wconf 74' lang='grc' dir='ltr'><strong><em>σθαι</em></strong></span> <span class='ocrx_word' id='word_1_346' title='bbox 172 4459 316 4532; x_wconf 73' lang='lat' dir='ltr'><strong>(amuletis)</strong></span> <span class='ocrx_word' id='word_1_347' title='bbox 334 4461 381 4515; x_wconf 77' lang='lat' dir='ltr'><strong>aci</strong></span> <span class='ocrx_word' id='word_1_348' title='bbox 398 4463 622 4532; x_wconf 67' lang='grc' dir='ltr'><strong><em>φαρμακεύεσθαι</em></strong></span> <span class='ocrx_word' id='word_1_349' title='bbox 645 4461 788 4535; x_wconf 85' lang='lat' dir='ltr'><strong>Roeperua</strong></span> <span class='ocrx_word' id='word_1_350' title='bbox 967 4462 1011 4516; x_wconf 79' lang='lat'><strong>³7.</strong></span> <span class='ocrx_word' id='word_1_351' title='bbox 1031 4459 1187 4532; x_wconf 77' lang='lat' dir='ltr'><strong>rolpp&#39;crrcra</strong></span> <span class='ocrx_word' id='word_1_352' title='bbox 1205 4459 1226 4516; x_wconf 85' lang='lat' dir='ltr'>C</span> 
     </span>
    </p>
   </div>
   <div class='ocr_carea' id='block_1_5' title="bbox 0 0 1546 4984">
    <p class='ocr_par' dir='ltr' id='par_1_5' title="bbox 0 0 1546 4984">
     <span class='ocr_line' id='line_1_41' title="bbox 0 0 1546 4984; baseline 0 0"><span class='ocrx_word' id='word_1_353' title='bbox 0 0 1546 4984; x_wconf 95' lang='lat' dir='ltr'><strong> </strong></span> 
     </span>
    </p>
   </div>
  </div>
 </body>
</html>
