3050 4988
620 337 768 395 bancos.
1213 329 1276 395 329

132 502 298 586 exbibens,
329 503 390 567 boc
421 509 470 567 est
500 502 617 585 lesum,
651 507 703 584 qui
735 522 775 566 ex
804 503 946 567 omnibus
975 503 1110 566 numeris
1142 509 1318 583 constetne

130 619 360 695 proptereaque
384 629 453 674 eum
481 628 516 676 so
544 629 660 676 vocare
687 613 723 674 A
741 617 771 673 et
794 612 839 694 si,
871 612 1105 694 generationem
1129 627 1214 673 suam
1239 629 1278 673 ex

131 719 274 782 erunibus
298 726 403 791 ortam¹
418 718 614 785 indicantem.

217 823 269 890 51.
314 827 362 889 De
387 826 590 891 lubricatione
614 833 712 889 autem
736 824 827 888 buius
849 826 890 889 ita
914 823 1001 886 dicit:
1024 824 1052 888 Α
1076 824 1279 905 quaternione

131 935 230 998 altero
253 939 422 1015 potestates
438 951 608 1016 emanasse,
633 951 715 1015 quae
738 931 953 996 fabricaverint
975 931 1074 995 lesum
1097 931 1195 1012 quiin
1212 937 1278 993 ter·

129 1043 174 1106 ris
197 1042 353 1125 apparuit,
386 1049 417 1104 et
437 1040 515 1123 Logi
538 1042 707 1105 obtinuisse
730 1040 832 1103 locum
855 1038 997 1120 angelum
1021 1038 1160 1122 Gabriel,
1193 1039 1320 1102 Vitaeeo

132 1157 235 1214 autem
257 1149 394 1231 spiritum
418 1157 569 1230 sanctum,
593 1148 730 1212 Hominis
753 1154 854 1211 autem
873 1146 1019 1211 ditissimi
1041 1148 1192 1228 virtutem,
1215 1145 1280 1209 Ec-

131 1257 247 1322 clesiae
279 1264 379 1321 autem
408 1257 567 1340 virginem.
620 1255 665 1320 lta
696 1256 747 1337 qui
775 1263 824 1318 est
858 1273 898 1317 ex
930 1253 1160 1335 dispensatione
1187 1252 1279 1317 bemo

131 1383 189 1447 per
211 1364 336 1428 llariam
371 1363 473 1428 editur
503 1362 672 1427 secundum
705 1381 784 1427 eum.
841 1361 915 1424 Cum
949 1370 1050 1426 autem
1080 1364 1216 1425 venisset
1249 1363 1279 1425 in

132 1491 260 1556 aquam,
295 1470 549 1534 descendissein
578 1488 648 1534 eum
670 1474 813 1551 tanquam
840 1470 1010 1534 columbam
1033 1469 1132 1552 illam,
1167 1471 1218 1551 qui
1241 1488 1280 1533 a·

131 1580 252 1643 scandit
280 1596 416 1660 superne
446 1587 475 1640 et
507 1578 721 1642 duodecimum
755 1596 913 1640 numerum
946 1578 1140 1663 impleverat,
1163 1578 1194 1640 in
1218 1595 1321 1659 quoeo

133 1692 217 1750 extat
239 1705 348 1750 semen
374 1703 495 1769 eorum,
520 1683 571 1767 qui
594 1694 747 1749 suntuna
773 1705 841 1749 cum
865 1705 905 1750 eo
928 1689 985 1750 sati
1009 1693 1121 1751 etune
1147 1686 1283 1750 descen-

134 1793 245 1857 derunt
267 1802 296 1857 et
312 1793 527 1856 ascenderunt.
572 1793 658 1856 llanc
682 1802 784 1857 autern
807 1801 1001 1878 potestatem,
1025 1813 1104 1876 quae
1122 1794 1283 1858 descendit

133 1904 163 1964 in
188 1919 272 1976 eam.
296 1918 403 1964 semen
427 1901 469 1963 ait
493 1919 564 1964 esse
586 1901 777 1984 pleromatis,
806 1901 921 1966 babens
944 1904 975 1966 in
997 1921 1033 1967 se
1055 1911 1086 1966 et
1109 1903 1226 1967 Patrem
1252 1911 1283 1968 et

134 2131 243 2215 lesum,
267 2131 318 2212 qui
342 2138 389 2194 est
411 2150 451 2195 ex
475 2132 614 2195 omnibus
645 2137 792 2195 constans
823 2133 973 2216 numeris,
1005 2137 1037 2193 et
1066 2139 1193 2213 propter
1223 2131 1284 2196 boc

132 2241 168 2303 A
189 2245 220 2303 et
241 2240 271 2301 Ω
295 2239 445 2302 nominari
469 2257 556 2322 eum,
579 2257 647 2302 cunr
671 2238 843 2320 significent
865 2239 1069 2340 exxoernibus
1093 2243 1159 2304 eius
1182 2259 1284 2323 gene-

132 2347 295 2411 rationem.
348 2346 386 2409 Et
414 2347 522 2408 iterum
561 2347 621 2409 ita:
675 2346 794 2408 Primae
831 2349 1071 2427 quaternationis
1112 2348 1283 2411 seeundum

133 2453 384 2538 progressionem
410 2454 530 2516 numeri
559 2453 588 2515 in
619 2461 717 2517 semet
744 2454 841 2535 ipsam
874 2454 1064 2536 compositae
1089 2455 1116 2520 X
1144 2458 1282 2537 apparuit

134 2579 299 2641 numerus3
322 2567 379 2626 etc.

219 2669 248 2733 3.
292 2668 322 2732 Δ
351 2667 586 2750 quaternatione
620 2669 700 2733 enim
730 2670 890 2751 progressi
926 2677 997 2732 sunt
1034 2688 1160 2735 aeones.
1208 2671 1282 2736 Erat

133 2783 234 2840 autern
257 2779 287 2840 in
311 2778 546 2859 quaternatione
568 2775 747 2857 Anthropos
770 2782 801 2838 et
822 2774 984 2860 Ecclesia,
1018 2776 1123 2862 Leges
1153 2784 1184 2840 et
1211 2779 1282 2844 Zoe.

132 2884 181 2948 Ab
205 2886 241 2948 iis
263 2885 356 2968 igitur
377 2885 519 2967 virtutes,
543 2883 597 2965 ait,
622 2892 782 2947 emanatae
805 2891 1035 2968 generaverunt
1058 2903 1144 2970 eum,
1178 2887 1283 2967 quiin

134 3001 216 3054 terra
241 2991 451 3056 manifestatus
480 2997 544 3074 est,
575 2990 693 3072 lesum,
724 2998 753 3054 et
781 2991 859 3076 Legi
886 2992 1009 3074 quidem
1045 2993 1145 3056 locum
1185 2996 1283 3057 adim-

134 3099 237 3181 plesse
262 3099 404 3180 angelnm
428 3097 568 3180 Gabriel,
589 3097 669 3160 Zoes
686 3105 787 3160 autem
807 3101 944 3181 spiritum
961 3106 1109 3184 sanctum,
1132 3100 1285 3184 Anthropi

135 3216 235 3270 autem
261 3206 406 3270 ditissimi
430 3206 587 3290 virtutem,
609 3203 768 3269 Ecclesiae
791 3213 891 3271 autern
914 3191 1014 3270 locum
1037 3210 1124 3291 virgo
1142 3208 1285 3273 ostendit.

133 3315 171 3377 Et
193 3315 237 3377 sic
257 3313 324 3398 ille,
347 3313 398 3395 qui
424 3319 472 3376 est
494 3313 661 3376 seeundum
687 3312 935 3397 dispositionem,
958 3333 1015 3396 per
1036 3311 1161 3379 llariam
1184 3335 1286 3400 gene-

134 3431 220 3486 ratur
242 3420 322 3502 apud
351 3439 419 3484 cum
443 3419 550 3504 bomo,
586 3438 677 3501 quem
713 3420 803 3484 Pater
832 3423 964 3485 omnium
997 3429 1207 3487 transeuntem
1231 3442 1287 3506 per

135 3529 254 3592 vulvam
285 3528 379 3612 elegit
410 3546 466 3609 per
494 3527 626 3591 Verbum
656 3526 695 3591 ad
726 3529 914 3612 agnitionem
942 3547 1038 3594 suam.
1084 3531 1159 3594 Cum
1182 3541 1284 3596 autem

137 3638 273 3726 uenisset
294 3636 361 3717 ipse
384 3634 423 3699 ad
447 3653 566 3717 aquam,
593 3634 795 3698 descendisse
827 3638 858 3699 in
890 3656 959 3700 eum
992 3640 1079 3719 quasi
1110 3639 1283 3702 columbam

134 3761 222 3828 eum,
247 3744 297 3826 qui
320 3745 490 3806 recucurrit
511 3761 648 3824 sursum,
673 3751 704 3806 et
721 3742 858 3824 implevit
879 3743 933 3807 Xll
957 3762 1135 3830 numerum,
1166 3747 1197 3808 in
1221 3765 1283 3828 quo

134 3853 234 3915 inerat
255 3869 361 3914 semen
386 3868 510 3932 eorum,
544 3853 594 3932 qui
619 3853 823 3914 conseminati
850 3858 922 3914 sant
952 3871 1020 3915 cum
1046 3871 1084 3916 eo
1108 3859 1138 3916 et
1162 3854 1284 3917 cende-

133 3957 323 4021 seenderunt
345 3966 374 4020 et
397 3933 655 4021 coascenderunt.
701 3957 799 4038 lpsarn
823 3965 922 4020 autern
948 3961 1099 4045 virtutem,
1122 3979 1202 4042 quae
1226 3962 1285 4023 de-

134 4065 270 4150 seendit,
305 4083 411 4128 semen
436 4065 509 4130 dicit
532 4083 603 4128 esse
627 4064 744 4148 Patris,
772 4062 898 4127 babens·
918 4067 949 4128 in
980 4085 1014 4129 se
1051 4074 1081 4129 et
1111 4067 1228 4131 Patrem
1253 4075 1282 4129 et

133 4311 177 4367 ds.
201 4309 280 4388 αὐτῷ]
301 4311 387 4367 αὐτῶν
407 4309 429 4368 C
448 4310 477 4368 111
587 4315 631 4370 41.
651 4313 842 4386 ἀναβαίνοντα]
862 4315 1018 4386 ἀναβάνταῖ)
1115 4316 1159 4369 50.
1179 4313 1285 4383 σπέρμα

132 4421 177 4458 our
201 4402 224 4459 C
249 4401 291 4470 ll,
324 4405 371 4478 qui
401 4404 578 4460 scribendam
608 4423 671 4461 ease
695 4407 836 4480 opinatur:
874 4409 919 4464 τοῦ
953 4406 1128 4480 πληρώματος
1157 4406 1285 4478 [σπέρμα]

129 4501 193 4572 ἔχον
