3052 4984
546 361 715 422 notarunt
755 360 945 421 cntttstus.
1254 353 1315 421 tsl

178 529 385 595 monarchiam
419 528 561 613 probari,
597 545 688 591 unum
724 527 867 609 idemque
898 543 968 589 esse
998 525 1114 590 dicens·
1142 534 1258 610 patrem
1289 534 1360 592 eteo

177 636 271 701 filium
304 635 503 720 appellatum,
541 651 604 699 non
633 632 722 696 alium
753 653 792 698 ex
821 634 880 698 alio
894 685 902 718 ‚
937 633 993 698 sed
1023 635 1121 716 ipsum
1157 654 1196 697 ex
1224 641 1323 698 semet

177 745 264 829 ipso,
296 745 421 808 nornine
455 739 576 826 quidem
606 747 722 822 patrem
756 750 787 804 et
813 741 904 804 lilium
940 741 1121 824 appellatum
1154 743 1321 808 secondum

179 859 349 936 temporum
389 849 632 930 vicissitudines,
667 865 761 912 unum
792 855 892 912 autem
923 847 1004 912 illum
1035 867 1119 934 esse,
1151 853 1203 933 qui
1225 869 1322 933 appa-

179 962 277 1025 ruerit
308 965 340 1024 et
377 959 612 1042 generationem
651 957 815 1041 evirgine
845 959 1023 1022 sustinuerit
1055 967 1085 1023 et
1115 957 1207 1024 bomo
1244 962 1323 1022 inter

181 1064 322 1132 bomines
344 1073 484 1132 uersatus
506 1064 561 1148 sit,
592 1062 684 1127 filium
706 1081 742 1128 aa
765 1065 863 1147 ipsum
887 1066 1146 1149 conspicientibus
1171 1065 1362 1139 coclites-55

180 1182 230 1239 tur
259 1181 387 1258 propter
420 1175 527 1236 laetam
566 1171 818 1254 generationem,
853 1177 970 1253 patrem
994 1181 1092 1236 aulem
1123 1179 1223 1237 semet
1252 1191 1324 1236 esse

181 1279 273 1344 etiam
294 1279 347 1363 iis,
375 1279 427 1360 qui
450 1277 728 1362 comprehendunt,
765 1295 827 1342 non
854 1278 1097 1343 dissimulaverit.
1143 1281 1248 1365 llunc,
1273 1285 1323 1362 qui

181 1387 318 1469 passioni
349 1386 425 1470 ligni
458 1387 575 1451 adlixus
604 1389 644 1451 sit
673 1395 703 1451 et
735 1385 855 1450 sibimet
887 1387 1023 1468 spiritum
1060 1385 1237 1470 tradiderit,
1272 1387 1324 1469 qui

178 1502 319 1562 mortuus
342 1495 381 1558 sit
404 1500 434 1558 et
456 1511 521 1560 non
543 1501 698 1577 mortuus,
732 1495 844 1577 quique
867 1501 966 1558 semet
992 1494 1079 1556 tertia
1111 1491 1161 1556 die
1183 1492 1323 1556 resusci-

182 1603 292 1668 taverit
313 1601 455 1684 sepulcro
479 1599 634 1666 conditum
661 1609 692 1664 et
713 1600 823 1666 lancea
846 1601 1036 1665 volneratum
1066 1599 1221 1682 clavisque
1248 1619 1362 1682 per-so

181 1710 285 1788 bxom,
306 1709 388 1774 bunc
410 1727 480 1774 esse
502 1709 638 1774 universi
662 1709 753 1774 deum
780 1716 811 1771 et
833 1715 950 1788 patrem
975 1710 1015 1772 ait
1031 1707 1213 1772 Cleomenes
1237 1709 1324 1771 eius-

182 1837 242 1904 que
266 1817 397 1904 cbcrus,
419 1817 609 1884 lleracliteas
631 1816 778 1881 tenebras
800 1816 900 1881 multis
919 1816 1094 1880 afferentes.

248 1923 298 1992 ll.
328 1926 415 1991 Hanc
431 1925 577 1992 baeresim
588 1925 814 1990 corroborabat
827 1923 977 2009 callistus,
993 1923 1182 1988 virmalitiae
1197 1923 1322 1986 callidos

182 2034 310 2099 etaaler
323 2033 362 2098 ad
379 2033 596 2115 seducendum,
612 2034 664 2115 qui
676 2033 811 2114 episcopi
826 2030 1002 2095 cathedram
1017 2033 1194 2095 venabatur.
1203 2031 1323 2115 Zepbp-

179 2144 250 2208 rino
264 2148 375 2227 autem,
394 2143 462 2206 viro
481 2141 607 2206 indocto
617 2149 649 2205 at
660 2141 815 2205 illitterato
837 2137 1111 2220 definitionumquo
1129 2137 1361 2208 ecclesiasti-so

182 2266 284 2312 carum
314 2250 442 2334 ignaro,
472 2267 562 2332 quom
586 2247 749 2313 mulcendo
773 2245 862 2310 donis
889 2253 921 2309 ct
944 2245 1200 2328 postulationibus
1223 2249 1322 2310 vetitis

182 2355 314 2420 ducebat
336 2355 375 2420 ad
396 2337 604 2439 quodcunque
627 2354 769 2436 volebat,
803 2371 871 2416 cum
895 2355 1046 2420 donorum
1071 2363 1215 2437 acceptor
1239 2361 1323 2418 esset

180 2464 394 2544 pecuniaeque
417 2464 541 2546 avidus,
563 2463 785 2544 persuadebat,
807 2469 838 2525 ut
859 2463 982 2526 assidue
1003 2465 1086 2526 rixas
1109 2470 1249 2528 moveret
1272 2463 1323 2524 in-

182 2575 230 2632 ter
253 2569 378 2652 iratres,
413 2568 483 2632 dum
506 2569 572 2650 ipse
594 2567 754 2649 utriusque
780 2571 874 2651 partis
898 2569 1081 2632 voluntatem
1105 2579 1212 2652 postea
1236 2579 1323 2633 astu·-

180 2677 218 2740 tis
241 2679 345 2742 verbis
366 2678 485 2740 sibimet
513 2675 711 2758 conciliabat,
745 2683 776 2740 et
806 2686 867 2740 tum
899 2676 1021 2759 quidem
1051 2679 1123 2758 illis,
1157 2679 1209 2760 qui
1236 2683 1361 2740 rectem

180 2783 368 2868 sentiebant,
391 2781 530 2865 privatim
552 2799 587 2846 se
611 2782 718 2844 eadem
734 2787 848 2848 sentire
862 2785 969 2848 dicens
987 2803 1041 2848 eos
1059 2784 1194 2870 fallebat,
1217 2802 1323 2848 rursus

183 2896 284 2954 autern
306 2891 415 2954 iterum
439 2890 494 2972 iis,
530 2889 581 2972 qui
604 2888 725 2954 Sabellii
747 2894 931 2956 sententiam
954 2892 1178 2974 sequebantur,
1214 2894 1323 2955 const·

182 2997 309 3081 militer,
341 3014 433 3079 quem
456 3002 487 3060 et
509 2997 605 3078 ipsum
629 3001 790 3082 pervertit,
824 3001 891 3061 edm
916 3008 1021 3080 posset
1043 2997 1094 3061 ille
1115 3007 1218 3062 rectus
1242 3017 1322 3064 esse.

180 3101 258 3166 Dum
281 3103 361 3166 enim
386 3121 402 3164 a
427 3105 516 3168 nobis
539 3104 774 3185 admonebatur,
798 3122 859 3169 non
883 3104 1122 3186 obdurescebat,
1148 3105 1199 3168 ubi
1222 3113 1323 3169 aulem

181 3227 250 3273 cum
273 3208 397 3274 Callisto
418 3210 572 3276 solitarius
595 3213 721 3294 agebat,
745 3211 783 3276 ab
800 3229 838 3275 eo
860 3212 1095 3295 sollicitabatur,
1119 3220 1150 3276 ut
1170 3212 1207 3278 ad
1226 3213 1364 3277 Cleo-rc

182 3319 279 3380 menis
309 3317 481 3381 doctrinam
508 3327 668 3402 vergeret,
698 3337 766 3382 cum
790 3319 815 3383 is
837 3319 974 3384 similiter
1000 3338 1035 3384 se
1059 3322 1173 3385 sentire
1197 3322 1323 3384 diceret.

180 3426 345 3492 llleautem
360 3434 421 3491 tum
437 3427 559 3509 quidem
580 3428 646 3490 eius
669 3427 903 3492 fraudulentiam
928 3445 988 3492 non
1014 3429 1212 3513 intelligebat,
1236 3439 1325 3510 posl-

181 3555 219 3599 ea
244 3553 319 3599 vero
347 3535 513 3618 cognovit,
540 3536 618 3598 sicut
641 3535 742 3618 paullo
775 3543 846 3617 post
878 3534 1041 3600 enarrabo.
1100 3535 1199 3617 lpsum
1224 3546 1324 3598 autem
1439 3599 1442 3605 ,

181 3641 382 3726 zephyrinum
419 3640 597 3725 prevebens
628 3641 818 3725 adducebat,
850 3650 882 3705 ut
916 3641 1013 3724 palam
1046 3643 1160 3724 popolo
1190 3643 1326 3706 diceret:

181 3749 250 3834 Ego
274 3752 345 3813 noui
367 3769 460 3815 unum
484 3751 573 3813 deum
607 3750 759 3813 Christum
791 3750 908 3834 lesum,
942 3769 1002 3812 nec
1031 3756 1154 3831 praeter
1183 3769 1250 3814 eum
1275 3751 1364 3814 ul-80

181 3978 265 4034 rerba
284 3979 392 4034 uncinis
411 3978 573 4034 inclusimus
592 3979 726 4035 suadente
745 3976 897 4034 Bonaenic.
936 3974 977 4034 Ci.
998 3981 1145 4051 tttppolpma
1163 3983 1218 4034 aad
1229 3983 1268 4034 lia
1280 3999 1326 4050 ope

182 4069 244 4126 Vol.
263 4070 284 4125 1.
305 4089 333 4143 p.
352 4073 414 4128 ³93.
444 4080 502 4125 not.
668 4072 725 4126 κατ’
755 4070 838 4147 ἰδίαν]
870 4071 935 4126 καθ’
963 4071 1042 4138 lotar
1066 4068 1149 4136 CM,
1178 4071 1223 4143 qui
1252 4073 1324 4124 coni.

180 4167 268 4236 λέγων
283 4163 314 4218 ad
332 4161 415 4237 ὅμοια
434 4168 548 4236 φρονεῖν
565 4163 662 4232 ἠπάτα·
687 4165 769 4219 πόλιν
793 4166 822 4220 o‘a'
844 4165 934 4226 αὐτοῖς
951 4164 1083 4236 φρονοῦσι
1099 4165 1161 4218 nori
1177 4163 1234 4218 κατ’
1253 4166 1327 4217 idicr

181 4258 212 4312 ιὰ
229 4263 310 4328 :aba
330 4257 386 4311 κατ’
407 4257 484 4310 ldicr
500 4253 736 4312 Wcrdaarcrtbica
925 4258 970 4312 tt.
994 4257 1081 4328 λέγων
1105 4255 1189 4322 indm
1215 4253 1327 4310 Bonae-

181 4351 258 4406 uiuae
277 4347 402 4417 indm-C
421 4347 450 4404 M
540 4344 575 4405 aab
595 4351 659 4422 mir]
679 4349 769 4412 adroic
787 4345 809 4405 C
827 4345 857 4404 bi
963 4349 1008 4404 76.
1029 4345 1191 4425 δυνάμενον]
1211 4349 1327 4421 δυνάμε-

170 4464 229 4507 ,νος
246 4461 321 4518 auap.
332 4442 363 4499 Μ
383 4441 542 4499 Bussenius
710 4445 754 4498 ts.
773 4443 881 4518 ῥαπεῒν]
893 4443 982 4515 ῥέπειν
996 4443 1039 4497 ael
1052 4443 1181 4516 τραπῆναι
1198 4459 1273 4514 susp.
1284 4441 1327 4496 bl:

182 4538 293 4610 ροκιῖν,
311 4538 365 4592 nisi
384 4537 474 4610 ipaorc
493 4536 590 4608 ῥαπεῖν
608 4544 651 4592 eat
667 4536 762 4592 aoriab
782 4533 818 4590 ll.
837 4534 981 4609 lioeperca

976 4631 1039 4696 29·
