3052 4984
610 327 795 386 ttottonttJS.
1220 323 1284 388 427

136 503 236 560 semet
264 496 360 577 ipsam
390 493 520 579 hostilis,
545 494 699 558 dissimilis
728 496 912 581 consimilis,
948 503 1090 578 tanquam
1121 495 1281 561 harmonia

139 601 293 684 quaedam
317 603 434 666 musica
459 603 559 667 omnia
581 603 611 666 in
636 609 735 666 semet
751 604 924 686 continens,
946 621 1151 686 quaecunque
1174 605 1284 686 aliquis

141 709 223 772 dicat
258 711 542 792 praetermittatque
565 727 632 772 eum
659 726 721 772 non
755 711 956 794 cogitaverit,
989 712 1090 774 omnia
1122 711 1284 787 exhibens,

140 819 243 883 omnia
266 835 429 902 generans.
475 817 559 880 llaec
583 825 692 901 mater,
714 815 792 880 haec
814 823 915 900 pater,
938 817 999 881 duo
1023 818 1203 882 immortalia
1220 837 1321 886 no-tt

142 925 232 989 mina.
281 925 421 1006 Exempli
449 932 550 987 autem
583 926 681 1008 gratia
711 923 841 1005 perlecti
873 924 1004 988 hominis
1032 926 1210 1011 considera,
1232 928 1285 989 in-

141 1036 222 1117 quit,
245 1035 405 1097 maximam
430 1033 594 1116 imaginem
616 1031 680 1095 iota
704 1049 812 1115 unum,
843 1049 935 1096 unum
966 1032 1047 1096 illum
1077 1034 1211 1115 apicem,
1234 1036 1284 1116 qui

140 1147 188 1203 est
221 1157 300 1220 apex
329 1127 423 1221 unus,
460 1137 746 1220 non-compositus,
780 1136 923 1219 simplex,
956 1153 1063 1198 monas
1098 1138 1220 1200 sincera
1244 1157 1284 1200 ex

139 1246 235 1309 nilrilo
258 1263 387 1328 prorsus
410 1247 597 1328 composita,
621 1244 826 1327 compositus,
849 1243 1029 1329 multifidus,
1059 1244 1283 1326 multipartitus.

138 1353 290 1417 lndivisus
311 1353 361 1416 ille
384 1369 479 1436 unus,
510 1352 620 1435 inquit,
656 1357 703 1413 est
734 1369 813 1415 unus
842 1350 942 1414 multis
975 1351 1113 1414 faciebas
1137 1359 1167 1415 et
1189 1355 1321 1416 mnu-2⁰

138 1461 233 1524 meris
270 1459 367 1524 oculis
398 1459 563 1523 instructos
594 1459 823 1538 innumerisque
861 1457 1034 1521 nominibus
1070 1459 1191 1523 litterae
1220 1461 1283 1523 iota

140 1588 234 1652 epex,
258 1570 309 1650 qui
331 1570 435 1651 imago
459 1573 507 1630 est
529 1565 660 1648 perlecti
683 1565 762 1628 illius
787 1565 916 1628 hominis
940 1565 1109 1629 invisibilia.

228 1673 277 1738 13.
322 1675 376 1738 Est
398 1675 502 1756 igitur,
531 1674 643 1756 inquit,
674 1689 794 1756 monas,
826 1690 907 1755 apex
933 1691 1030 1759 unus,
1060 1675 1150 1738 etiam
1180 1673 1283 1757 decus,

139 1784 218 1849 haec
241 1783 320 1846 enim
344 1783 479 1864 potentia
502 1782 580 1845 inest
601 1779 723 1843 litterae
745 1782 808 1844 iota
833 1827 891 1845 ...
922 1781 1011 1845 unius
1036 1783 1130 1864 apicis
1154 1791 1185 1846 et
1207 1781 1283 1866 dyas

140 1898 170 1953 et
192 1892 266 1954 trias
290 1897 319 1952 et
340 1896 434 1952 tetras
458 1895 489 1950 et
509 1893 618 1971 pentae
651 1893 681 1949 et
707 1886 804 1951 hexas
839 1893 869 1951 et
903 1887 1013 1971 heptas
1046 1895 1077 1952 et
1103 1889 1223 1974 ogdoas
1253 1896 1321 1962 et2n

140 2015 258 2063 enneas
281 2015 380 2078 usque
409 1994 447 2060 od
472 1995 597 2074 decem;
631 1994 661 2058 hi
692 1997 790 2079 enim,
818 1996 931 2079 inquit,
960 2004 1031 2060 sant
1057 1999 1192 2062 multifidi
1221 2020 1283 2064 nu-

142 2107 231 2190 meri,
256 2106 360 2186 quiin
383 2103 521 2184 simplice
545 2102 596 2165 illo
620 2110 651 2164 et
673 2105 946 2185 non-composito
972 2103 1140 2168 inhabitant
1166 2107 1284 2172 litterae

139 2214 202 2277 iota
226 2215 312 2294 apice
336 2228 407 2276 uno.
464 2209 502 2272 Et
525 2209 585 2273 hoc
617 2216 665 2273 est
694 2209 776 2290 quod
810 2209 922 2275 dictum
952 2217 1014 2274 cst:
1057 2212 1139 2288 (iaia
1168 2233 1284 2278 omnem

137 2319 355 2401 plenitudinem
377 2318 561 2398 complacuit
582 2317 724 2380 habitare
746 2318 778 2379 in
799 2317 895 2398 filiam
916 2318 1048 2382 leminis
1070 2323 1284 2402 corporaliter.

140 2427 230 2490 Tales
254 2425 335 2489 enim
358 2441 554 2488 numerorum
580 2423 822 2506 compositiones
846 2441 885 2486 ex
908 2419 1045 2507 simplice
1066 2435 1098 2490 et
1114 2445 1322 2505 non-com-pp

140 2535 241 2615 posito
275 2533 327 2596 illc
357 2549 420 2594 uno
454 2534 541 2613 apice
573 2530 694 2595 litterae
725 2532 787 2595 iota
822 2532 1003 2614 corporales
1027 2534 1210 2619 extiterunt,
1233 2538 1285 2599 in-

141 2641 223 2724 quit,
252 2648 390 2704 naturae.
447 2637 541 2702 Ortus
571 2639 663 2722 igitur
694 2643 756 2722 est,
788 2638 900 2722 inquit,
937 2657 953 2701 a
985 2640 1126 2720 perlecto
1162 2641 1286 2706 homine

139 2747 218 2810 iilius
254 2746 401 2828 hominis,
437 2762 528 2825 quem
567 2746 653 2807 norit
688 2761 795 2826 nem03
824 2745 910 2827 lingit
938 2752 1037 2809 autem
1070 2746 1148 2824 sibi,
1179 2749 1286 2834 inquit,

141 2864 283 2935 tanquam
306 2860 425 2936 parturn
449 2853 601 2915 femineae
624 2858 766 2915 creatura
790 2852 935 2916 universa
951 2853 1060 2933 filium,
1084 2872 1174 2935 quem
1189 2857 1286 2940 igno-

143 2968 206 3045 rat,
230 2962 317 3025 cuius
340 2959 391 3023 lilii
414 2959 492 3022 radii
514 2958 605 3023 valde
630 2960 752 3023 obscuri
775 2958 960 3024 accedentes
980 2960 1051 3024 huic
1072 2963 1187 3026 mundo
1209 2981 1323 3034 con-aa

141 3071 239 3131 tinent
278 3074 309 3130 et
340 3065 487 3131 cohibent
518 3067 772 3148 conversionem,
811 3068 1054 3151 generationem.
1111 3071 1285 3136 Pulcritudo

142 3182 243 3241 autem
268 3175 346 3239 illius
368 3173 418 3236 snit
440 3171 573 3235 hominis
598 3172 698 3236 adhuc
727 3174 867 3238 omnibus
899 3176 1216 3258 incomprehensibilis
1239 3185 1288 3243 est

141 3284 331 3368 hominibus,
378 3287 528 3364 quotquot
572 3283 654 3346 circe
699 3289 817 3364 partum
864 3282 1017 3347 lemineae
1055 3285 1285 3352 aberraverunt.

143 3392 266 3454 Factum
285 3397 333 3455 est
352 3390 454 3472 igitur,
478 3389 584 3474 inquit,
607 3389 644 3453 ab
667 3389 792 3453 homine
816 3389 868 3453 illo
893 3390 964 3452 nihil
990 3409 1108 3474 corum,
1134 3411 1214 3475 quaa
1236 3393 1286 3457 lric

144 3506 224 3582 sunt,
246 3517 347 3580 neque
364 3497 415 3560 liet
437 3515 578 3578 unquam.
625 3498 711 3572 Quae
735 3504 835 3560 autem
860 3496 939 3561 lacta
962 3505 1033 3562 sunt
1056 3501 1200 3564 universa
1223 3514 1325 3565 nonto

143 3624 160 3667 a
184 3612 264 3686 tota,
287 3604 341 3667 sed
365 3624 382 3666 a
406 3612 493 3687 parte
516 3603 647 3685 quadarn
670 3605 837 3668 factasunt
859 3604 910 3667 lilii
934 3605 1074 3668 hominia.
1118 3605 1174 3668 Est
1197 3607 1286 3688 enim,

143 3712 256 3794 inquit,
280 3711 358 3774 tilius
382 3711 512 3775 hominis
536 3713 597 3774 iota
620 3729 728 3794 unum,
751 3729 830 3774 unus
854 3731 950 3793 apex,
982 3715 1033 3794 qui
1057 3715 1210 3794 processit
1231 3731 1288 3776 su-

142 3848 187 3902 34.
195 3849 258 3921 perp]
270 3844 357 3921 prioC
466 3849 582 3905 34-36.
602 3847 662 3904 Cot.
678 3851 702 3915 l,
717 3851 749 3905 ¹9
769 3849 806 3904 ότι
825 3853 853 3905 ἓν
872 3851 942 3924 αὐτῷ
959 3851 1100 3919 εὐδόκησεν
1119 3851 1287 3924 (ηὐδόκησεν)

142 3939 197 3991 τᾶν
214 3937 242 3991 τό
260 3937 393 4012 πλήρωμα
417 3940 583 4007 κατοικῆσαι,
605 3939 669 3994 coll.
697 3937 756 3994 cot.
776 3943 802 4006 2,
821 3943 838 3994 9
863 3938 901 3994 ὅτε
924 3943 953 3994 ἓν
976 3941 1046 4012 αὐτῷ
1062 3946 1176 3995 κατοικεῖ
1188 3942 1243 3995 πᾶν
1261 3941 1288 3994 τό

142 4029 274 4103 πλήρωμα
293 4031 334 4097 τῆς
352 4029 471 4098 θεότητος
488 4033 643 4105 σωματικῶς
661 4035 711 4104 (εἰς
730 4029 761 4086 ὃν
778 4032 918 4100 εὐδόκησεν
937 4030 1010 4087 ἅπαν
1025 4035 1104 4105 (πᾶν)
1117 4033 1144 4086 τό
1157 4033 1288 4106 πλήρωμα

141 4123 182 4189 τῆς
199 4122 320 4188 θεότητος
337 4125 487 4190 κατοικῆσαι
504 4127 658 4197 σωματικῶς
676 4122 768 4195 Orig.)
788 4122 829 4179 Cl.
850 4143 932 4197 cupra
952 4145 978 4198 p.
996 4127 1054 4190 178,
1070 4127 1178 4180 90-92
1196 4133 1224 4179 et
1242 4126 1290 4179 in·

142 4216 182 4270 ira
202 4216 220 4269 l.
239 4213 276 4280 X,
296 4234 320 4270 o.
343 4217 385 4270 10.
405 4235 431 4288 p.
451 4217 513 4282 ³15,
532 4220 577 4273 36.
598 4218 641 4272 37.
660 4218 703 4272 cd.
733 4216 785 4272 Ox.
814 4227 842 4272 et
863 4236 933 4291 quae
954 4216 974 4272 l.
996 4217 1162 4289 Bernaysina
1186 4217 1219 4271 da
1247 4216 1290 4270 hio

140 4308 210 4365 locis
230 4307 376 4379 dispulerit
394 4309 422 4364 in
443 4309 524 4382 Epist.
544 4315 601 4364 crit.
620 4310 638 4364 l.
659 4311 677 4365 l.
696 4329 724 4382 p.
744 4312 807 4366 317.
831 4312 893 4367 318.
1038 4312 1082 4366 34.
1102 4313 1147 4366 35.
1176 4312 1231 4365 πᾶν
1249 4310 1288 4382 τό]

140 4399 277 4463 παντόςῦ
458 4405 502 4460 40.
529 4399 575 4478 ὥς]
595 4406 631 4465 εἰς
654 4399 724 4458 CM
846 4407 949 4477 γένημα
976 4399 998 4458 C
1106 4404 1150 4458 41.
1177 4403 1289 4474 ἀκτῖνες]

143 4497 188 4547 κατ’
206 4491 311 4555 τινεςῦ
463 4499 507 4554 45.
527 4492 671 4569 γένημαῦ
833 4497 877 4551 49.
900 4498 944 4551 50.
969 4496 1031 4550 ἰῶτα
1049 4495 1090 4560 ἓν,
1115 4499 1168 4570 μία
1185 4501 1288 4568 asperia,
