3056 4970
609 307 613 315 -
679 275 840 335 usurus
1269 280 1334 348 229

186 451 236 507 tue
258 443 433 524 ceperant.
477 441 612 524 Operam
622 443 718 525 ipinn
732 444 816 521 dcte,
839 444 919 522 lecu,
941 445 987 525 fili
1000 445 1140 524 limninia,
1163 467 1202 510 ne
1217 451 1331 531 capic-

185 551 245 625 rie,
276 549 334 612 aad
360 550 499 612 mndata
526 549 607 613 dunc
633 569 805 613 sermenem
826 552 998 616 dominibus
1020 563 1051 617 et
1071 539 1246 620 renuntiato
1268 559 1331 622 illia

185 675 265 740 pace
295 664 366 718 eant
386 657 488 737 patric
518 665 551 719 et
579 675 659 739 pace
690 665 762 720 acal
790 658 875 720 Boni·
891 667 923 721 et
943 663 1076 723 ascende
1097 663 1140 724 cd
1161 663 1278 726 Bonum
1300 674 1368 730 etta

186 764 336 826 concidito
363 763 429 825 illie
452 781 520 824 cum
546 765 678 826 omnium
705 771 842 827 nouarum
866 773 957 846 patre
978 766 1108 832 Elcdim.
1153 767 1192 830 Et
1213 770 1330 832 obediit

186 869 299 952 angelo
321 868 406 934 lesus
429 868 525 932 tatus:
564 867 751 951 Odcmine,
777 870 897 949 facicm
923 875 1043 953 omnic,
1073 879 1105 936 et
1133 878 1328 943 renuntiavit.
1400 879 1403 888 “

184 979 338 1059 Decipere
367 977 460 1060 igitur
483 976 565 1040 Naas
588 976 783 1040 etiamnunc
807 979 917 1062 voluit,
944 981 1013 1056 [sed
1036 980 1121 1043 lesus
1145 981 1273 1044 obedire
1298 985 1327 1047 ei

185 1085 312 1168 noluit],
341 1085 439 1148 fidelis
460 1085 540 1148 enim
564 1086 674 1146 mansit
697 1083 827 1150 llaruch.
879 1085 977 1149 lratus
1000 1088 1093 1170 igitur
1114 1087 1208 1171 Naas,
1242 1089 1325 1170 quud

184 1211 255 1258 eum
278 1192 423 1274 decipere
446 1208 510 1254 non
533 1193 648 1275 potuit,
673 1191 748 1254 lecit
769 1199 801 1254 ut
823 1193 854 1254 in
878 1211 1001 1256 crucem
1023 1193 1228 1277 suffigeretur.
1273 1194 1365 1260 ntem

184 1307 295 1382 autem,
325 1299 433 1362 relicto
465 1314 598 1378 corpore
628 1296 723 1360 Edem
754 1299 785 1360 in
816 1315 925 1383 cruce,
963 1299 1101 1364 ascendit
1129 1300 1167 1364 ad
1197 1301 1325 1366 Bonum.

183 1406 295 1470 Dicens
318 1411 420 1468 autem
443 1404 481 1468 ad
505 1403 620 1466 Edem:
650 1403 775 1482 Mulier,
808 1405 903 1468 ledea
935 1415 1016 1468 tunm
1043 1407 1097 1470 lidi
1123 1409 1237 1492 filiun,
1264 1409 1325 1474 hcc

182 1521 228 1578 est
257 1513 415 1577 animalem
443 1512 597 1575 homiuem
627 1517 658 1572 ct
687 1509 848 1590 clroicuin3
888 1513 954 1594 ipsa
986 1521 1087 1576 autem
1118 1513 1261 1597 deposito
1292 1517 1323 1581 in

182 1637 289 1684 manus
317 1619 412 1700 patris
442 1620 549 1701 spiritu
581 1619 720 1682 ascendit
749 1617 787 1681 ad
816 1619 944 1687 Bonum.
1008 1621 1112 1686 Bonus
1142 1629 1243 1686 autem
1277 1634 1325 1690 est

180 1728 323 1810 Priapus,
353 1729 379 1791 ia
411 1727 463 1808 qui
493 1732 655 1807 antequam
685 1725 848 1806 quidquam
881 1735 965 1790 esset
988 1727 1069 1792 lecit.
1112 1729 1242 1811 Propter
1263 1730 1362 1802 luccae

180 1844 306 1901 vocatur
328 1835 462 1918 Priapus,
486 1835 632 1917 quoniam
654 1835 738 1915 prius
761 1831 835 1896 lecit
857 1835 968 1898 omnia.
1012 1834 1191 1919 Propterea,
1214 1837 1322 1920 inquit,

179 1944 211 2006 in
233 1943 316 2006 omni
336 1941 450 2023 templo
474 1941 634 2023 statuitur,
667 1939 705 2003 ab
730 1939 813 2004 omni
835 1946 943 2004 natura
965 1932 1135 2006 honoratus
1159 1951 1190 2006 et
1212 1945 1242 2006 in
1264 1945 1321 2010 viis

179 2056 305 2131 portans
329 2048 445 2112 inactus
476 2048 685 2112 auctumualea
715 2064 733 2108 a
760 2063 796 2110 se
823 2065 1011 2130 suspensas,
1039 2046 1099 2112 hcc
1128 2057 1176 2112 est
1204 2047 1321 2114 tructus

178 2162 350 2241 creaturae,
373 2172 503 2236 querum
526 2161 636 2217 auctor
659 2153 765 2236 extitit,
789 2156 934 2236 quoniam
957 2157 1039 2237 prius
1062 2155 1320 2221 iccitcrcaturarn

178 2271 269 2327 antea
291 2280 355 2326 non
379 2263 570 2326 existentem.
615 2261 672 2325 Ubi
691 2263 784 2344 igitur
806 2261 947 2345 audietis,
970 2261 1075 2344 inquit,
1099 2264 1235 2327 dicentes
1257 2264 1358 2334 hu-an

178 2371 276 2434 mines
298 2387 432 2452 cygnum
454 2370 579 2432 venisse
603 2367 641 2430 ad
662 2367 776 2430 Ledam
798 2373 830 2430 et
852 2385 1023 2450 generasse
1047 2387 1087 2431 ex
1116 2387 1168 2454 ea,
1198 2389 1317 2454 cygnus

177 2485 225 2542 est
255 2476 375 2540 Elclrim
405 2466 547 2540 et'Lcda
577 2474 682 2538 Edem.
735 2473 774 2537 Et
801 2491 869 2538 cum
898 2473 1003 2538 dicunt
1024 2473 1164 2540 hornines
1187 2477 1317 2558 aquilam

176 2584 301 2648 venisse
327 2581 367 2646 ad
398 2581 623 2666 Ganymedem,
655 2580 756 2662 aquila
785 2587 834 2644 est
862 2579 964 2664 Naas,
999 2579 1194 2664 Ganymedes
1216 2591 1316 2646 autem

175 2691 291 2775 Adam,
324 2699 355 2753 et
383 2688 436 2753 ulti
462 2689 567 2752 dicunt
596 2705 702 2752 aurum
723 2687 849 2750 venisse
872 2686 911 2749 ad
933 2688 1069 2750 Danaam
1092 2696 1124 2752 et
1146 2707 1316 2771 generasse

174 2815 214 2862 ex
241 2816 298 2882 ea,
333 2815 440 2862 aurum
462 2803 508 2860 est
529 2795 666 2874 Eluhim,
700 2794 807 2857 Danae
829 2799 932 2858 autem
956 2803 1001 2858 est
1023 2794 1129 2860 Edem.
1174 2795 1356 2860 Similitertt

173 2912 275 2969 autem
304 2907 335 2968 in
366 2903 499 2968 eundem
522 2902 646 2966 modum
668 2918 775 2964 omnes
797 2900 875 2964 tales
897 2917 1069 2984 sermones,
1092 2902 1212 2966 tabulas
1235 2922 1315 2967 con-

173 3011 287 3076 similes
308 3011 394 3074 iuxta
417 3016 580 3093 ponentes,
602 3007 734 3074 tradunt.
794 3006 925 3083 Quando
956 3008 1051 3091 igitur
1072 3008 1241 3091 prophetae
1264 3011 1316 3074 di-

173 3128 261 3182 cunt:
294 3117 376 3182 Audi
398 3119 518 3180 ecclam
539 3124 570 3178 ct
590 3135 683 3178 aurea
704 3117 820 3196 arripe,
843 3123 938 3192 terrc,
962 3117 1101 3178 daminus
1124 3118 1242 3181 locutae
1259 3125 1314 3198 eet,

173 3225 291 3290 caelum
323 3209 408 3307 dicit,
443 3225 557 3308 inquit,
592 3223 728 3304 spiritum
761 3222 813 3303 qui
844 3231 891 3286 est
920 3226 950 3286 in
978 3223 1102 3287 homine
1126 3224 1163 3286 ab
1185 3225 1314 3308 lllolrim,

172 3339 284 3396 terram
307 3339 408 3395 autem
430 3333 559 3394 animam
582 3349 661 3412 quaa
685 3336 732 3394 est
754 3332 784 3393 in
807 3328 931 3394 homine
963 3349 1031 3394 cum
1060 3332 1185 3415 spiritu,
1213 3330 1353 3398 domi-to

172 3459 243 3503 num
267 3447 367 3503 autem
389 3437 529 3519 Baruch,
550 3437 646 3501 lsrael
670 3444 769 3500 autem
789 3435 896 3500 Edem.
950 3436 1048 3502 Edem
1082 3439 1161 3501 enim
1184 3446 1314 3502 vocatur

172 3554 203 3610 ct
228 3546 323 3610 lsrael
350 3545 464 3609 coniux
492 3543 621 3607 Eluhim.
679 3544 748 3607 Non
778 3545 924 3624 capnccit
950 3563 1014 3622 ane,
1055 3545 1166 3628 inquit,
1199 3545 1311 3622 Israel,

170 3656 198 3716 ai
232 3655 312 3716 enim
347 3651 542 3734 capecctaset
572 3670 619 3713 me
658 3651 741 3731 apud
773 3650 890 3713 Bonum
925 3670 1010 3726 asse,
1050 3671 1112 3714 ncn
1147 3655 1313 3734 puniturum

170 3841 234 3896 lori.
254 3840 423 3896 addendum:
449 3839 516 3894 ἀλλὰ
531 3837 630 3906 Ἰησοῦς
648 3839 829 3906 ἀκολουθῆσαι
846 3839 917 3912 αὐτῷ
935 3839 983 3896 caia
1002 3837 1154 3908 dimach!
1269 3841 1313 3896 41.

169 3937 213 3990 ta.
234 3933 277 3990 Gt.
297 3932 348 3990 Er.
366 3931 408 3988 lo.
430 3933 471 4000 19,
489 3933 540 3986 26:
566 3931 658 3996 rivae,
677 3931 716 3984 lde
735 3931 749 3983 ὅ
768 3932 826 3994 uida
843 3949 902 3986 ccc.
1014 3935 1059 3990 ts.
1079 3933 1218 4006 πρότερον]
1240 3933 1313 4005 πρῶ·

168 4045 213 4079 τον
232 4021 254 4080 C
273 4021 303 4080 Μ
417 4025 461 4080 53.
481 4024 657 4098 Γαννυμὴδην
674 4019 758 4078 hiat}
874 4023 919 4077 57.
939 4023 982 4079 58.
1001 4026 1109 4098 μύθους
1125 4029 1250 4100 lpapapaic
1267 4025 1312 4078 ὄν-

168 4117 224 4186 τας]
254 4117 362 4190 μύθους
386 4117 550 4190 ἐμφέροντας
574 4115 614 4174 C:
646 4117 747 4190 μύθοις
771 4115 935 4185 ἐμφέροντας
964 4111 995 4170 Μ
1115 4119 1159 4172 59.
1189 4119 1311 4186 λέγουσιν

169 4204 190 4261 C
305 4209 350 4264 5⁹.
370 4211 413 4264 60.
433 4207 488 4264 lee.
511 4210 534 4275 1,
552 4212 585 4263 2:
605 4209 694 4264 meaa
714 4203 811 4278 οὖρανὲ
828 4205 876 4260 aad
892 4209 1012 4270 ἐνωτίζου
1029 4208 1071 4278 γῆ,
1091 4205 1128 4260 ὅτι
1144 4205 1236 4278 κύριος
1251 4202 1310 4256 tlat-

166 4299 243 4364 tama
358 4299 402 4354 61.
425 4298 573 4370 ἀνθρώπῳ]
593 4296 700 4368 οὐρανῷ
718 4294 740 4351 C
758 4294 788 4350 ll
909 4297 952 4354 65.
979 4295 1021 4352 Cf.
1040 4295 1093 4352 lea.
1116 4299 1139 4361 l,
1157 4297 1188 4351 31
1211 4295 1311 4365 Ἰσραὴλ

168 4389 198 4444 dt
214 4407 250 4462 μι
268 4387 318 4442 ada
334 4391 403 4462 lyras
517 4391 586 4462 lyras
602 4391 649 4462 με]
668 4388 777 4460 ἐγνώκει
794 4383 816 4442 C
833 4385 864 4444 Μ
