3050 4988
241 359 305 426 ³58
349 361 568 448 (στόμασι.)
689 367 782 425 ποτε
803 367 861 440 vn,
884 371 933 426 τι.
957 371 1007 424 τε.

332 534 383 599 21.
424 531 510 598 Ἐπεὶ
532 529 591 598 οὖν
612 532 708 598 οάόὲν
730 531 778 620 ήν,
803 530 862 614 οὐχ
884 531 960 619 όλή,
992 529 1050 598 οόκ
1072 531 1180 609 οόσια,
1210 529 1268 595 οάκ
1290 528 1394 595 ἀνοό-

209 656 333 719 νοσιον,
356 639 415 721 οὐχ
435 640 573 719 ἀπλοῶν,
597 639 636 706 οό
658 642 822 719 σύνθετον,
847 639 907 706 οόκ
931 639 1077 727 ἀνόητον,
1101 639 1160 704 οόιι
1181 640 1393 725 ἀναίσθητον,

246 745 304 812 οόκ
341 749 533 834 ἄνθρωπος,
573 747 630 813 οὐκ
666 748 814 830 ἄγγελος,
849 745 889 812 οό
918 749 1017 826 θεός,
1051 746 1127 813 οόόὲ
1158 747 1242 824 όλως
1274 770 1302 811 τι
1330 751 1395 811 τῶν

246 853 492 938 ὀνομαζομένων
513 859 534 942 ή
555 855 602 920 δι’
624 854 806 942 αἰσθήσεως
827 854 1085 940 λαμβανομένων
1105 857 1126 942 ἢ
1147 859 1268 941 νοητῶν
1288 878 1395 940 πραγ-

245 959 372 1044 μάτων,
413 961 484 1027 ἀλλ’
513 963 594 1028 οὕτω
628 968 683 1027 καὶ
720 964 764 1028 ἔτι
799 960 1087 1049 λεπτομερεστέρως
1119 961 1250 1027 πόντων
1282 961 1396 1038 ἀτελῶς

246 1071 559 1157 περιγεγραμμένον,
583 1067 642 1136 οὐκ
664 1073 710 1135 ῶν
731 1069 829 1147 θοός,
854 1069 905 1152 (όν
923 1067 1138 1155 Ἀριστοτέλης
1165 1068 1260 1134 καλοί
1284 1069 1395 1155 νόησιν

210 1201 239 1250 9ο
247 1177 399 1262 νοήσεως,
423 1173 509 1242 οὗτοι
531 1176 567 1242 όὲ
590 1174 647 1242 οὐκ
670 1177 764 1262 ὄντα)
787 1177 947 1264 ἀνοήτως,
981 1176 1204 1264 ἀναισθήτως,
1236 1175 1393 1260 ἀβούλως,

246 1283 481 1372 ἀπροαιρέτως,
515 1283 675 1362 ἀπαθῶς,
710 1283 957 1371 ἀνεπιθωμήτως
987 1285 1106 1370 κόσμον
1133 1283 1273 1372 ήθέλήσε
1298 1289 1394 1372 ποιή-

247 1411 312 1457 σαι.
358 1391 404 1457 Τό
427 1391 463 1457 ds
485 1390 623 1479 ἠθέλησε
645 1391 740 1473 λόγω,
771 1395 849 1478 φησί
854 1441 866 1471 ,
897 1395 1053 1480 σημασίας
1079 1392 1191 1481 χάριν,
1225 1391 1394 1480 ἀθελήτως

248 1504 301 1564 καὶ
323 1497 463 1586 ἀνοήτως
484 1504 538 1564 καὶ
560 1497 778 1586 ἀναισθήτως·
810 1499 931 1584 κόσμον
959 1498 995 1564 d&
1024 1497 1065 1564 οό
1086 1499 1142 1564 τόν
1162 1500 1243 1564 κατά
1272 1499 1393 1578 πλάτος

248 1609 303 1671 καὶ
330 1606 484 1694 διαίρεσιν
512 1610 718 1694 γεγενημένον
749 1606 880 1693 ὕστερον
909 1610 963 1672 καί
998 1606 1148 1672 διεστῶτα
1151 1655 1164 1685 ,
1201 1605 1288 1671 ἀλλά
1329 1607 1392 1694 γὰρ

226 1716 374 1799 ςσπέρμα
396 1715 526 1799 κόσμου.
584 1715 631 1780 Τό
661 1714 698 1779 δὲ
729 1716 858 1799 σπέρμα
886 1718 942 1780 τοῦ
971 1715 1090 1798 κόσμου
1122 1714 1229 1779 πάντα
1251 1715 1334 1796 εἶχεν
1356 1714 1394 1779 έν

247 1819 366 1907 ἑαυτῷ,
390 1820 433 1897 ῶς
454 1821 472 1887 ό
494 1825 550 1887 τοῦ
572 1822 731 1896 σινάπεως
751 1821 865 1897 κόκκος
896 1821 933 1887 ἐν
960 1821 1115 1908 ἐλαχίστῳ
1137 1821 1307 1906 συλλαβῶν
1328 1823 1392 1904 ἔχει

248 1929 354 1994 πάντα
376 1927 475 2012 ὁμοῦ,
499 1929 555 2005 τιλς
577 1928 680 2016 ῥίζας,
703 1927 737 1993 τό
760 1932 912 2015 πρέμνον,
934 1929 1006 2006 τούς
1027 1929 1182 2007 κλάόονς,
1204 1928 1243 1994 τό
1267 1929 1389 2016 φόλλα,

248 2037 287 2100 τά
309 2035 550 2124 ἀνεξαρίθμήτα
573 2039 678 2125 [μοτά]
701 2040 765 2101 τῶν
787 2037 911 2101 κόκκων
933 2035 1030 2124 [ἀπ]ό
1062 2040 1118 2102 τοῦ
1149 2041 1250 2122 φυτοῦ
1271 2037 1394 2118 γεννῶ-

226 2163 331 2228 ομενα
353 2147 519 2228 σπέρματα
540 2145 641 2209 πόλιν
669 2143 779 2208 ἀλλων
800 2147 854 2208 καί
869 2143 979 2208 ἀλλων
1000 2143 1158 2219 πολλάκις
1174 2147 1284 2230 φωτῶν
1303 2167 1396 2228 κεχυ-

248 2254 363 2334 μένων.
403 2251 511 2327 Οὕτως
533 2249 590 2316 οὐκ
613 2254 660 2314 ῶν
681 2249 759 2326 θεὸς
780 2251 906 2337 ἐποίησε
928 2250 1049 2335 κόσμον
1078 2249 1136 2316 οὐκ
1162 2252 1239 2316 ὄντα
1271 2249 1307 2329 ἐξ
1336 2249 1396 2316 οὐκ

251 2360 361 2437 όντων,
384 2359 644 2444 καταβαλόμενος
666 2363 719 2422 καί
740 2355 923 2444 ὑποστήσας
944 2363 1071 2443 σπέρμα
1088 2383 1117 2423 τι
1134 2364 1170 2424 ἓν
1188 2360 1262 2441 ἕχον
1284 2365 1397 2425 πᾶσαν

248 2467 284 2532 έν
305 2465 407 2554 ἑαντήί
428 2467 484 2553 τήν
504 2471 560 2532 τοῦ
581 2468 702 2550 κόσμου
724 2470 960 2553 πανσπερμίαν.
1006 2466 1074 2531 Ἰνα
1104 2465 1140 2530 όὲ
1161 2478 1396 2554 καταφανέστε-

249 2595 307 2661 ρον
328 2575 450 2661 ποιήσω
472 2577 561 2640 τοῦτο
585 2575 663 2658 ὅπερ
685 2574 801 2639 ἐκείνοι
822 2573 962 2654 λέγουσι·
994 2575 1147 2662 καθάπερ
1170 2574 1236 2640 ῶόν
1258 2577 1395 2663 ὄρνιθος

213 2703 241 2754 10
249 2679 433 2747 εόποικίλον
454 2682 538 2757 τινός
567 2686 620 2746 καί
647 2680 914 2768 πολοχρωμοίτον,
946 2677 1044 2746 οἷονεί
1066 2685 1122 2746 τοῦ
1145 2686 1266 2758 ταῶνας
1294 2684 1396 2768 ήάλ-

248 2789 307 2854 λον
337 2792 422 2865 τινός
452 2789 497 2854 ἔτι
528 2788 654 2873 μᾶλλον
684 2786 899 2874 πολομόρτμον
930 2793 984 2852 καλ
1012 2789 1274 2873 πολοχρωμάτον,
1297 2793 1333 2854 έν
1355 2794 1395 2855 όν

250 2897 349 2971 όντως
375 2897 438 2978 ἔχει
461 2897 503 2960 ’έν
531 2895 633 2984 ἑαυτῷ
656 2894 782 2970 πολλός
809 2893 927 2959 οόσιῶν
948 2894 1172 2982 πολομόρφων
1190 2897 1196 2985 Ι
1216 2900 1269 2960 καὶ
1292 2897 1397 2962 πολυ-

249 3004 425 3090 χρωμοίτων
447 3008 502 3067 καί
523 3002 767 3068 πολνσσστότων
791 3001 900 3080 ίόέας,
922 3002 1021 3080 οὕτως
1043 3005 1105 3085 ἔχει
1126 3005 1160 3069 τό
1178 3005 1396 3091 καταβλήθέν,

253 3114 359 3196 φησίν,
390 3108 454 3175 ὑπὸ
477 3115 532 3174 τοῦ
554 3109 611 3175 οόκ
634 3111 724 3186 ὄντος
744 3113 827 3174 θεοῦ
850 3107 909 3174 οόκ
931 3111 969 3174 όν
991 3115 1117 3196 σπέρμα
1140 3113 1395 3200 [πανσπερμίαν]

214 3240 243 3293 15
251 3223 306 3284 τοῦ
329 3217 450 3302 κόσμου
469 3217 683 3305 πολύμορφον
705 3217 788 3301 ὁμοῦ
809 3223 864 3282 καὶ
888 3217 1091 3282 πολνοόσιον.

337 3329 390 3393 22.
435 3326 549 3390 Πόντα
572 3323 639 3402 οὖν,
662 3324 724 3390 ὅσα
745 3325 828 3390 έστίν
848 3326 950 3390 εἰπεῖν
972 3330 1027 3389 καὶ
1048 3325 1091 3390 ἔτι
1111 3326 1155 3412 μή
1176 3323 1310 3410 εὑρόντα
1329 3349 1397 3390 πα-

252 3433 408 3520 ραλιπεῖν,
432 3432 494 3498 όσα
515 3437 558 3522 τῷ
579 3433 724 3518 μέλλοντι
747 3433 854 3522 κόσμῳ
875 3436 1028 3513 γενέσθαι
1051 3431 1118 3498 ἀπό
1140 3437 1197 3498 τοῦ
1219 3435 1398 3518 σπέρματος

323 3584 367 3639 89.
387 3582 460 3638 Ἐπεί
479 3578 528 3639 οὖν
545 3584 623 3640 οόόέν
644 3578 684 3660 ἦν]
701 3584 773 3639 Ἐπεί
792 3584 870 3638 οὐδὲν
886 3581 908 3638 C
927 3581 971 3639 M:
993 3583 1064 3639 Ἐπεί
1088 3583 1167 3638 οὐδὲν
1190 3579 1222 3651 ἦν
1238 3581 1396 3639 Βσοεεοίιιε

253 3685 365 3731 secutus
384 3675 565 3748 Bernaysium
680 3679 724 3731 90.
754 3677 785 3730 οό
805 3676 941 3747 σύνθετον]
969 3677 1016 3731 οὐκ
1035 3675 1221 3730 ἀσόνθεκονῦ
1347 3677 1397 3731 οόκ

253 3767 379 3836 ἀνόητον,
407 3769 456 3824 οόκ
484 3768 654 3839 ἀναίσθητον]
685 3769 715 3823 οὐ
742 3769 843 3835 νοητόν,
871 3768 918 3822 οόκ
947 3769 1071 3836 αἰσθητόν
1100 3785 1175 3841 susp.
1203 3765 1347 3822 laeohius:
1368 3768 1400 3822 οό

253 3863 344 3927 νοητὸν
365 3863 412 3916 οὐκ
432 3861 592 3928 ἀναίσθητον
608 3860 780 3916 numenius:
798 3859 842 3916 Αιι
862 3862 893 3916 οὐ
913 3862 1013 3928 νοητόν,
1033 3862 1081 3916 οὐκ
1099 3862 1219 3929 ἀνόητον,
1240 3862 1288 3916 οόκ
1306 3865 1399 3929 αἰσθή-

252 3951 305 4019 τόν,
325 3954 372 4007 οὐκ
391 3951 563 4021 ἀναίσθητον,
589 3953 662 4027 quod
688 3954 769 4008 etiam
794 3951 963 4008 Uhlhornius
989 3952 1128 4008 coniecit?
1243 3955 1287 4009 9³.
1312 3957 1399 4008 λεπτο-

251 4044 421 4122 μερεστὲρως]
445 4048 610 4121 λιπτομιρῶς
635 4043 716 4102 CM:
744 4049 967 4120 λεπτομεροτίρως
990 4045 1158 4118 Bernaysiun
1180 4054 1210 4101 et
1227 4044 1399 4100 Bunuuniun:

253 4145 407 4213 λιπεαιέρως
435 4140 506 4195 coni.
526 4137 670 4212 Roeperus
689 4149 718 4194 et
732 4136 901 4194 Uhlhornius
983 4140 1026 4193 94.
1047 4139 1095 4193 οόκ
1113 4139 1153 4193 ῶν
1169 4135 1244 4214 θεός]
1264 4137 1278 4192 ὁ
1295 4138 1344 4192 οὐκ
1362 4137 1401 4191 ῶν

254 4236 318 4296 θεός
336 4232 480 4305 Βοερετιιε
500 4233 563 4287 coll.
582 4233 630 4286 lin.
652 4233 694 4287 14.
713 4233 759 4286 25.
779 4233 823 4287 59.
843 4249 870 4304 p.
890 4233 952 4298 366,
969 4233 1013 4287 32.
1147 4233 1192 4286 95.
1219 4223 1300 4307 οὗτοι]
1327 4222 1402 4292 οὗτος

255 4341 330 4397 susp.
351 4321 380 4378 M
501 4323 527 4376 3.
554 4318 650 4399 πάντα]
669 4321 757 4383 πόσας
776 4320 797 4375 C
816 4319 845 4376 M
863 4321 1022 4377 Bunnenius
1146 4323 1173 4377 4.
1199 4319 1400 4393 ἀνιξαρίθμιμα

253 4419 304 4471 τῶν
325 4416 440 4486 κόκκων]
466 4415 675 4488 ἀνεξαρίθμήτα,
692 4414 759 4487 μετὰ
780 4414 825 4468 τὸν
842 4413 976 4469 κόκκονῦ
995 4411 1026 4470 Μ
1043 4411 1217 4470 Βιιοεεπίωοι
1238 4413 1326 4479 ἀνοξ.,
1344 4417 1400 4470 τίκα

255 4507 299 4562 τὸν
317 4507 422 4580 καρπὸν
440 4505 584 4581 Roeperus
718 4506 782 4579 ἀπὸ]
855 4507 868 4560 ὁ
888 4504 924 4562 C:
951 4505 980 4562 τὰ
999 4506 1052 4562 ἀπὸ
1070 4505 1100 4561 Μ
1119 4503 1289 4563 Βιπιεεοὶιιει
1308 4505 1355 4560 καί
1372 4502 1404 4561 πὶ
