3050 4988
628 319 816 380 absulutos,
1239 313 1304 380 369

160 483 271 548 fectum
293 484 334 549 ait
358 503 429 548 esse
450 484 635 550 Aristoteles
663 487 809 550 naturalis
839 485 979 568 organici
1011 485 1150 566 corporis
1181 485 1307 548 entele-

161 590 269 656 chiam.
327 591 411 656 Sicut
439 592 533 675 igitur
565 593 737 657 entelechia
774 596 855 676 regit
883 610 1013 676 corpus,
1041 593 1083 656 ila
1116 591 1195 656 fufius
1226 595 1308 679 regit

161 699 330 763 secundum
352 699 513 764 basilidem
537 699 741 765 ineffabilibus
772 700 1002 765 ineffabiliorem
1034 699 1135 764 deum.
1198 700 1306 764 Omnia

161 807 254 891 igitur
276 815 348 871 sunt
369 809 493 888 provisa
516 813 654 872 efracto
682 808 719 872 ab
744 807 915 872 entelecbia
939 808 1043 890 magni
1066 807 1223 873 archontis
1247 825 1306 871 ae-

160 915 285 1000 therea,
318 933 398 997 quae
431 915 553 996 quidem
588 934 687 998 usque
718 915 757 979 ad
784 915 887 980 lunam
918 916 1088 998 pertinent3
1123 914 1197 978 inde
1225 916 1345 979 enimus

161 1029 216 1086 abr
238 1023 275 1086 ab
300 1021 426 1087 aethere
449 1023 641 1088 discernitur.
695 1023 818 1088 Oroatis
845 1025 940 1108 igitur
966 1023 1120 1088 universis
1149 1023 1305 1089 aethereis

160 1147 268 1195 rursus
291 1149 308 1194 a
331 1131 497 1195 seminario
522 1130 599 1196 alius
622 1130 738 1194 archon
761 1130 911 1214 surrexit,
934 1133 1032 1194 maior
1055 1129 1177 1213 quidem
1202 1132 1306 1195 omni-

161 1237 217 1301 bus
240 1238 468 1302 subiacentibus
491 1247 614 1321 praeter
636 1238 772 1303 relictam
795 1238 965 1321 illimatam,
1002 1239 1094 1302 multo
1132 1246 1232 1304 autem
1255 1239 1307 1302 in-

162 1344 259 1410 ferior
280 1348 377 1428 primo
405 1346 564 1411 archonte.
616 1345 671 1410 Est
704 1354 804 1410 autem
838 1344 887 1410 lic
918 1363 1044 1432 quoque
1072 1345 1236 1410 ineffabilis
1268 1346 1305 1410 ab

160 1455 199 1520 iis
224 1455 332 1522 dictus.
383 1454 421 1518 Et
443 1461 572 1518 vocatur
594 1453 645 1518 hic
672 1453 759 1519 locus
787 1451 974 1538 hebdomas,
1005 1455 1201 1536 omniumque
1229 1455 1345 1519 sub-⁶⁰

161 1565 324 1627 iacentium
348 1569 396 1627 eat
417 1560 467 1624 bic
489 1570 593 1626 rector
616 1570 646 1626 et
672 1561 789 1646 opifex,
812 1561 863 1643 qui
887 1561 944 1626 sibi
967 1569 999 1625 et
1024 1563 1090 1645 ipse
1119 1562 1192 1626 fecit
1214 1562 1307 1627 filium

162 1691 202 1735 ex
230 1669 414 1752 seminario,
449 1677 479 1733 el
508 1671 574 1751 ipse
604 1675 701 1734 semet
730 1671 945 1751 sapientiorem
975 1676 1006 1732 et
1037 1668 1307 1754 intelligentiorem

162 1779 300 1843 simfliter
321 1779 377 1862 iis,
401 1795 482 1860 quae
506 1775 665 1859 deprimo
690 1777 830 1841 diximus.
879 1775 956 1840 lllud
979 1785 1079 1842 autem
1102 1777 1184 1860 quod
1208 1784 1256 1842 est
1276 1779 1307 1841 fn

161 1884 222 1949 boc
244 1883 343 1968 gradu
366 1903 495 1949 acervus
518 1884 586 1966 ipse
610 1891 675 1960 est,
699 1884 811 1966 inquil,
835 1889 866 1946 et
886 1883 1099 1966 seminarium,
1121 1893 1151 1950 et
1173 1885 1308 1950 existunt

164 1993 335 2058 secundum
359 2000 495 2056 naturam
519 2009 555 2054 ea
580 2009 660 2073 quae
683 1992 834 2073 existunt,
869 1997 1015 2074 utsupra
1039 1991 1151 2056 dictum
1175 1997 1238 2076 esf,
1269 1991 1344 2057 abac

165 2121 219 2186 eo,
243 2102 296 2184 qui
318 2101 421 2164 futura
444 2099 569 2181 quando
596 2104 717 2182 oportet
744 2106 773 2161 et
802 2098 901 2180 qualia
935 2105 1059 2181 oportet
1092 2107 1123 2164 et
1153 2101 1306 2183 quomodo

50 2263 53 2268 .
165 2215 289 2290 oportet
317 2205 478 2270 meditatus
509 2213 564 2271 est.
609 2206 647 2270 Et
676 2204 785 2269 borum
819 2211 866 2269 est
901 2205 1074 2287 praefectus
1106 2215 1157 2271 aut
1184 2213 1308 2274 curator

164 2323 215 2378 aut
237 2313 342 2397 opifex
364 2331 467 2378 nemu.
512 2313 631 2380 Sufficit
659 2315 737 2378 enlm
762 2314 799 2378 iis
821 2314 1013 2378 ratiocinatio
1033 2313 1093 2398 illa,
1116 2333 1207 2396 quam
1223 2332 1307 2379 non·

164 2437 235 2505 ens,
259 2439 328 2483 cum
352 2419 499 2504 faciebat,
522 2421 625 2485 inibat.

254 2567 307 2633 25.
360 2567 509 2641 Quoniam
543 2567 637 2651 igitur
668 2566 824 2649 perfectus
859 2573 907 2630 est
937 2563 1106 2630 secundum
1136 2564 1205 2627 illos
1235 2563 1344 2628 uni-ro

163 2692 273 2738 versus
305 2672 435 2738 mundus
471 2682 503 2736 et
533 2692 612 2756 quae
647 2680 718 2738 sunt
753 2673 1022 2756 supramundana,
1055 2689 1113 2734 nec
1143 2669 1307 2753 quidquam

164 2783 253 2847 deest
276 2782 314 2846 ad
337 2779 577 2864 perfectionem,
612 2777 794 2860 relinquitur
823 2785 924 2842 autem
955 2781 986 2842 in
1015 2781 1178 2844 seminario
1201 2778 1309 2842 filietas

163 2892 255 2955 tertia
278 2891 345 2975 illu,
377 2908 458 2971 quae
485 2888 591 2952 relicta
621 2895 669 2951 est
699 2887 736 2950 ad
764 2886 1022 2950 benefaciendum
1047 2896 1078 2951 et
1102 2888 1308 2970 benepatien-

165 2999 236 3062 (lum
265 2999 297 3061 in
328 2999 464 3060 semine:
501 2995 665 3077 oportebat
700 2995 791 3059 oliam
824 2993 961 3058 relictam
992 2994 1146 3057 filietatem
1176 2993 1308 3058 revelari

165 3113 196 3168 ct
218 3104 336 3169 revolvi
365 3121 500 3186 superne
530 3101 602 3166 illuc
634 3121 728 3184 super
754 3103 977 3165 conterminum
1007 3102 1143 3184 spiritum
1166 3101 1203 3164 ad
1225 3100 1345 3164 filie-ru

163 3218 255 3276 tatem
287 3210 428 3275 subtilem
465 3220 496 3275 et
529 3209 705 3275 imitabilem
734 3217 765 3272 et
794 3207 832 3273 ad
863 3215 1065 3289 non-entem,
1103 3213 1135 3270 ut
1161 3209 1307 3290 scriptum

165 3326 226 3395 est,
249 3320 363 3401 inquit:
395 3318 435 3382 br
456 3325 601 3382 erectore
619 3319 689 3399 ipso
711 3317 909 3397 congemiscit
931 3323 963 3380 et
979 3316 1116 3398 portarit
1136 3314 1307 3378 revolutio-

162 3447 229 3490 nem
257 3429 391 3507 filiorum
420 3427 471 3488 dei
497 3432 674 3508 expectans.
726 3423 792 3486 Filii
825 3429 941 3507 autem,
973 3423 1085 3506 inquit,
1118 3438 1221 3486 sumus
1249 3438 1308 3483 nos

163 3533 355 3618 spirituales,
389 3533 440 3615 qui
461 3551 565 3596 sumus
588 3531 638 3594 bic
659 3530 759 3594 relicti
778 3528 817 3593 ad
841 3528 1028 3594 ordinandas
1056 3535 1088 3593 et
1117 3527 1309 3613 effingendas

162 3742 474 3819 clipea-yerusalem,
493 3739 662 3798 Ublbornius
682 3749 772 3795 autem
792 3737 1124 3812 φθάσαντα-λέγεσθαι,
1143 3732 1176 3789 11.
1197 3731 1308 3790 Scottus

134 3889 137 3894 .
163 3839 292 3912 λεχθῆναι
320 3855 370 3912 pro
398 3837 536 3909 τεχθῆναι,
562 3853 577 3890 a
603 3833 716 3908 reliquia
742 3833 897 3897 abstinens,
925 3829 1082 3886 Bunaenius
1109 3831 1310 3901 focace-yf-

164 3937 260 3987 999699
373 3929 417 3985 65.
444 3929 485 3983 δεῖ
502 3928 549 3983 καὶ
568 3923 623 4002 919]
644 3927 746 3981 δικαιοῖ
764 3921 783 3980 ii
801 3921 823 3979 G
841 3922 871 3979 M
986 3925 1030 3978 66.
1053 3917 1251 3996 λελογισμένον]
1270 3923 1311 3974 19-

163 4027 313 4100 λογισμένῳ
332 4019 354 4078 C
371 4020 402 4078 M
517 4021 561 4076 68.
582 4017 613 4075 ὃν
632 4019 657 4090 ὃ]
677 4017 691 4074 ὃ
711 4016 733 4074 C
752 4015 782 4072 M
808 4014 935 4072 Correxit
957 4012 1085 4070 lacobiua
1201 4009 1251 4088 ὅτε]
1272 4012 1312 4065 ert

164 4115 186 4172 C
275 4116 323 4171 aul
346 4117 471 4189 floylfaro
496 4129 572 4184 aurp.
590 4109 621 4167 11
735 4111 780 4164 70.
809 4109 848 4180 δὲ]
878 4108 909 4174 δὴ
937 4107 1009 4161 coni.
1036 4104 1066 4161 M
1188 4105 1232 4158 71.
1265 4105 1310 4158 72.

162 4205 395 4283 ἒβεργηεῖσθαιῦ
517 4207 563 4259 72.
590 4199 653 4278 1699]
673 4203 705 4270 δὴ
732 4198 817 4256 CM:
846 4202 887 4256 ufai
912 4197 1070 4255 Bunaeuiue
1193 4196 1309 4250 75-77.

165 4299 208 4357 Cf.
227 4300 307 4357 Rom.
326 4301 352 4365 8,
374 4301 416 4354 19.
441 4297 456 4366 ἢ
482 4297 536 4370 γὰρ
561 4295 767 4368 ἀποκαραδοκία
788 4293 832 4360 τῆς
861 4295 966 4354 κτίσεως
994 4293 1041 4358 ripa
1065 4287 1235 4356 ἀποκάλυψιν
1259 4287 1311 4340 τῶν

165 4394 294 4452 9191νωῦ
312 4391 379 4448 θεοῦ
395 4391 570 4462 ἀπεκδέχεται.
606 4389 652 4443 22.
672 4387 785 4459 οἴδαμεν
803 4385 857 4458 γὰρ
881 4383 920 4438 ὅτι
937 4385 1011 4439 πᾶσα
1033 4382 1048 4451 ἦ
1068 4385 1148 4442 κτίσις
1165 4379 1310 4442 summotae

160 4489 207 4544 noi
224 4487 366 4543 curardiae·
384 4485 450 4557 ἄχρι
467 4481 513 4536 ror'i
531 4480 587 4535 νῦν.
703 4479 747 4532 76.
767 4476 930 4539 συνστενάζει
949 4473 970 4530 C

976 4575 1018 4641 24
