3002 4958
597 315 801 380 tnoottttttttt.
1255 317 1275 381 ll

119 501 201 564 quse
222 485 252 546 in
276 483 376 547 luoem
400 483 630 569 proferrentur,
662 493 710 566 ut,
733 485 784 548 ulti
807 503 863 568 per
884 485 1272 571 aenigmrts'e'xplioasse-

121 609 190 653 mus
213 591 323 673 plaoita
348 581 472 676 eorum,
501 591 544 655 illi
566 593 706 673 reveriti,
739 611 780 655 ne
805 593 927 674 quando
951 595 1041 658 etiam
1070 597 1190 658 eroenis
1218 613 1274 677 per

120 715 180 761 nos
207 701 372 780 protractis
394 699 503 763 atheos
525 699 594 764 tllos
617 712 877 784 eoargneremus,
899 701 1083 782 aliquantum
1097 699 1274 765 desolare-

119 812 191 867 rent
214 805 253 868 alt
276 807 384 868 insane
408 807 546 870 doetrina
571 814 602 870 et
624 808 717 888 impio
741 815 865 870 conatu.
910 807 971 872 Sed
989 827 1056 872 oum
1073 810 1191 872 vtdeam
1210 821 1310 872 nonen

119 914 261 975 reuereri
293 913 362 976 illos
384 919 520 976 nostram
552 913 749 996 modestiam,
789 931 891 995 neque
920 918 1007 996 pensi
1039 915 1154 979 labere
1183 915 1272 980 eleum

119 1020 329 1103 longanimem
358 1037 429 1083 esse
457 1021 495 1083 ult
522 1022 596 1102 ipsis
623 1021 757 1103 irrisum,
788 1027 821 1084 ut
844 1027 894 1084 rut
918 1037 993 1101 pree
1015 1021 1135 1102 pudore
1158 1028 1274 1087 mutent

121 1135 271 1210 mentem,
303 1134 354 1190 eut
375 1130 400 1191 si
428 1129 459 1190 ln
482 1145 591 1192 erroro
616 1127 796 1209 perstabunt
823 1129 902 1190 iuste
929 1127 1116 1212 iudicentur,
1146 1137 1273 1192 conotus

120 1233 326 1316 progredior,
361 1243 544 1298 ostensurus
572 1251 685 1299 aroana
713 1251 819 1299 eorum
850 1239 1007 1320 mysterio,
1042 1251 1123 1318 ques
1149 1237 1272 1300 initiatis

118 1359 232 1424 magna
262 1359 329 1404 oum
359 1340 470 1405 liduoia
504 1341 643 1425 tradunt,
683 1359 745 1406 non
775 1343 859 1424 prius
894 1341 1047 1428 confessi,
1080 1345 1139 1406 nisi
1169 1345 1307 1428 telamon

120 1447 172 1509 ulti
203 1465 260 1529 per
289 1455 409 1528 tempos
441 1451 472 1512 in
504 1463 656 1530 suspenso
687 1455 817 1512 tenuere
849 1450 1168 1532 contumeliosumque
1194 1467 1269 1533 erge

119 1571 226 1616 rerum
254 1553 345 1616 deum
373 1554 553 1639 reddidere,
585 1548 821 1620 in'serritutem
849 1556 1030 1639 redegerint
1052 1563 1082 1619 et
1105 1557 1271 1639 cupiditate

119 1661 302 1745 llagrantem
329 1663 548 1744 promisserunt
578 1663 719 1727 viderint.
776 1663 879 1744 Atque
902 1671 963 1726 tum
988 1677 1055 1726 oum
1079 1663 1271 1746 exploratum

120 1769 236 1833 teuent
280 1769 409 1832 vineolis
454 1772 572 1851 peccati
613 1769 760 1854 illigetum
796 1787 882 1853 esse,
935 1769 1056 1833 initiant
1099 1769 1270 1852 perlectum

119 1876 269 1940 malorum
298 1876 475 1960 tradentes,
511 1885 674 1958 postquem
698 1877 873 1941 iuramentis
897 1877 1074 1960 vinxerunt,
1103 1893 1138 1940 se
1167 1892 1306 1958 nequeas

119 1985 320 2067 evulgaturos
350 2000 452 2065 neque
481 2001 548 2046 eum
578 1983 716 2064 quolibet
743 1986 1038 2067 communicaturos,
1070 1985 1128 2046 nisi
1154 1985 1269 2065 pariter

118 2093 298 2154 servitutem
343 2091 470 2174 subest,
514 2109 576 2172 quo
617 2089 795 2171 simpliciter
827 2091 939 2156 tradito
979 2107 1041 2154 non
1080 2093 1139 2155 iem
1180 2093 1267 2154 iura-

119 2205 254 2260 mentum
278 2199 487 2262 necessarium
511 2205 585 2261 erat.
639 2197 713 2260 llam
738 2199 789 2280 qut
816 2199 959 2262 sustinuit
987 2199 1047 2279 pati
1070 2205 1101 2261 et
1123 2198 1267 2279 accipere

118 2307 257 2387 perlecta
280 2323 386 2378 eorum
408 2307 562 2390 mysteria,
585 2306 659 2369 satis
681 2307 745 2386 ipsa
767 2323 803 2368 re
828 2311 860 2368 et
877 2305 916 2368 ad
941 2307 1161 2369 conscientiam
1182 2322 1267 2368 suum

119 2421 151 2475 ot
178 2431 219 2476 ne
248 2413 315 2476 aliis
343 2413 451 2494 prodat
480 2415 537 2476 erit
565 2415 693 2476 elnotus.
749 2413 872 2476 tiamsi
899 2413 1009 2494 prodat
1035 2413 1125 2480 alieni
1153 2411 1305 2477 lomintto

118 2521 180 2582 tale
211 2519 315 2602 nelos,
350 2537 452 2602 neque
482 2519 513 2582 in
543 2518 715 2590 hominibus
746 2519 923 2581 censebitur
955 2535 1054 2600 neque
1085 2519 1135 2600 qui
1167 2519 1267 2581 lucem

119 2635 228 2690 uernat
258 2625 368 2706 dignus
397 2623 557 2688 inuenitur
565 2675 573 2707 ,
607 2626 633 2688 si
663 2623 788 2705 quidem
814 2623 865 2686 vel
894 2625 1013 2688 rationo
1041 2625 1178 2687 parentia
1206 2623 1267 2686 tale

119 2733 206 2798 nelos
234 2751 297 2796 oon
324 2740 490 2813 conentur,
521 2733 609 2794 sicuti
636 2731 699 2793 suis
726 2729 803 2793 locis
833 2729 980 2793 disemus.
1035 2729 1097 2794 Sed
1124 2729 1266 2808 quonium

119 2859 177 2904 nos
200 2842 285 2922 cogit
314 2842 391 2902 ratio
414 2841 444 2901 in
470 2853 612 2919 magnum
640 2836 827 2918 protundum
856 2836 1040 2900 narrationis
1064 2834 1267 2918 descendere,

118 2965 181 3010 non
203 2947 367 3010 tacendum
391 2945 582 3028 erltitrsmur,
606 2945 661 3007 sed
686 2947 820 3007 omnium
843 2943 961 3026 pleeitls
979 2944 1152 3026 singulatim
1171 2957 1305 3012 enar-ts

118 3057 192 3117 ratis
222 3053 296 3116 nitil
323 3051 488 3115 silebimus.
543 3051 646 3114 Visum
679 3057 780 3114 eutem
811 3057 874 3131 est,
910 3050 1027 3120 etiamsi
1055 3051 1180 3134 longior
1209 3049 1268 3114 orit

118 3177 236 3240 sermo,
266 3177 329 3222 non
352 3158 496 3222 delinere.
550 3157 620 3220 Non
644 3159 723 3220 enlm
753 3159 897 3238 exignum
921 3155 1074 3238 quoddam
1098 3155 1265 3220 subsidium

63 3263 67 3270 ’
119 3271 199 3331 ritae
224 3267 377 3328 hominum
403 3265 614 3344 relinquemus
638 3265 675 3326 ad
706 3279 831 3326 errores
856 3265 888 3326 in
914 3271 1071 3345 posterum
1096 3263 1265 3346 cavendos,

118 3393 185 3438 cum
211 3373 373 3436 manifesto
383 3387 493 3434 ornnes
505 3371 652 3434 videtum
667 3371 856 3434 olendostine
873 3387 978 3434 eorum
996 3377 1027 3433 et
1040 3387 1152 3434 moene
1166 3370 1265 3453 orgia,

118 3499 198 3562 quae
211 3489 353 3562 tanquam
366 3479 464 3560 promi
477 3477 575 3544 oondi
584 3477 659 3542 solis
674 3479 779 3560 mystis
797 3477 929 3541 tradunt.
970 3477 1055 3542 llaee
1068 3478 1171 3540 aulem
1188 3475 1264 3540 alios
1274 3496 1303 3544 so

119 3607 180 3651 non
198 3587 345 3650 relutabit
363 3586 419 3649 nisi
439 3587 490 3666 qui
513 3587 543 3648 in
563 3584 696 3648 ecelesia
722 3586 851 3648 traditur
871 3587 995 3668 spiritns
1017 3593 1150 3668 sanetus,
1173 3600 1263 3666 quem

119 3699 241 3778 priores
275 3695 356 3756 neoti
392 3692 524 3773 apostoli
560 3693 791 3774 impertitorem
826 3701 941 3756 reolum
976 3693 1068 3756 lldo'm
1105 3692 1263 3776 protessis,

119 3819 248 3884 quoram
272 3817 329 3863 nos
353 3801 404 3880 qui
420 3815 623 3864 suceessores
639 3816 744 3863 sumus
767 3808 799 3862 et
823 3801 960 3866 eiusdem
984 3801 1102 3882 gratim
1135 3799 1262 3880 portiol-

119 3927 175 3992 pas
207 3916 239 3970 et
272 3911 380 3970 summi
402 3907 568 3970 sacordotii
599 3912 641 3980 et,
668 3907 836 3989 memorii
870 3916 901 3970 at
932 3905 1077 3970 musterles
1110 3907 1262 3972 eoeleslue

119 4013 269 4078 aestimati
292 4029 355 4076 non
379 4011 695 4076 poulo-connivemus
718 4029 821 4094 neque
847 4023 962 4079 reetrm
986 4014 1155 4078 doctrinam
1184 4013 1301 4078 sile-ue

118 4203 162 4256 38.
181 4200 277 4253 tastu
296 4195 318 4251 B
338 4195 377 4252 T:
396 4195 521 4251 ΙιανὰΟ
678 4198 722 4252 lt.
744 4201 768 4252 el
784 4195 943 4270 Resperrtt:
974 4195 991 4252 ἃ
1010 4199 1105 4269 vulgos
1132 4195 1170 4252 tte
1188 4195 1263 4250 San-

118 4291 223 4348 erottm
373 4291 419 4344 44.
437 4289 551 4361 ἐμβῆναι
575 4289 619 4342 rel
637 4289 769 4359 sospem
786 4287 930 4362 Roaparuu
1078 4291 1122 4344 55.
1142 4286 1263 4348 wenilo·

115 4405 166 4458 μιν
184 4382 348 4438 Riohlema:
367 4381 529 4452 ννσιάξομεν
546 4381 628 4452 vulgo
725 4381 809 4454 λόγον
826 4381 912 4454 ὀρθὸν
929 4379 967 4436 B:
985 4383 1067 4453 liro·
1086 4377 1166 4449 ilpunc
1182 4375 1208 4431 0
1226 4375 1263 4430 T:

117 4477 199 4550 tipus
218 4473 329 4547 ipprirrr
346 4470 490 4544 lioeprrus
