3052 4984
457 328 599 392 HOHTUS.
636 329 857 390 nesscimus
1189 324 1252 392 443

193 496 224 562 8.
271 497 420 573 Quoniam
433 506 534 562 autem
551 499 756 584 genealogiae
771 517 877 562 eorum
893 498 1125 563 successionem
1143 507 1253 564 osten-

107 605 218 682 dimus,
240 605 341 688 plaoet
364 607 422 668 lam
447 613 475 666 et
499 604 674 688 dogmatum
697 625 824 689 pravam
849 605 1017 669 doctrinam
1035 622 1202 690 opponere,
1224 612 1255 670 et

107 713 255 780 Heracliti
279 714 403 777 obscuri
427 713 546 795 placitis
568 715 651 796 prius
674 714 790 798 allatis,
821 720 884 777 tum
909 716 999 776 etiarn
1023 712 1168 776 nonnulla
1194 731 1255 776 eo-

108 841 178 886 rum
214 840 285 888 esse
321 819 495 886 Heraclitea
529 819 760 904 demonstrare,
795 837 875 901 quse
915 819 1048 883 sociasse
1086 821 1137 902 qui
1175 839 1256 884 nune

108 929 233 1026 haeresi
262 932 409 1012 praesunt
440 943 501 992 non
526 933 639 990 norunt
669 945 739 992 esse
767 927 918 1010 Obscuri,
953 945 1021 990 eum
1049 927 1160 990 Christi
1185 926 1295 992 essell

108 1035 305 1102 arbitrentur.
351 1037 439 1112 Quae
469 1036 495 1099 si
524 1035 682 1119 legerent,
716 1033 766 1098 vel
793 1033 854 1097 boc
877 1033 969 1097 ruodo
993 1033 1112 1115 pudore
1136 1033 1258 1098 contusi

108 1143 258 1208 desistent
281 1144 318 1208 nb
342 1145 433 1225 impio
457 1145 610 1208 convicio.
661 1144 794 1208 Tametsi
819 1144 909 1206 etiam
932 1145 1017 1224 prius
1040 1161 1056 1206 s
1082 1142 1172 1205 nobis
1197 1159 1257 1204 ex-

108 1252 210 1334 posita
247 1259 296 1316 est
327 1253 358 1316 in
393 1250 679 1334 Philosophumenis
706 1251 862 1315 sententia
899 1249 1064 1318 Heracliti.
1102 1249 1258 1314 nibilomi-

108 1377 169 1424 nus
191 1359 292 1442 placet
322 1361 410 1424 etiam
447 1377 528 1422 nunc
559 1377 626 1422 eam
655 1377 674 1424 a
703 1360 858 1422 contrario
892 1359 1110 1441 iuxtsponere‚
1142 1365 1174 1420 ut
1203 1373 1259 1438 per

106 1469 287 1550 propiorem
322 1465 561 1530 confutationem
595 1471 704 1546 aperte
738 1465 909 1531 doceantur
946 1463 1036 1529 buius
1075 1465 1128 1546 qui
1160 1471 1297 1528 semeron

109 1571 223 1636 Christi
245 1572 431 1637 arbitrantur
452 1590 522 1636 esse
543 1571 725 1656 discipulos,
749 1590 811 1636 non
835 1589 916 1655 esse,
938 1571 996 1634 secl
1020 1572 1145 1635 obscuri
1168 1570 1258 1635 illius.

197 1675 228 1740 a.
272 1677 443 1744 Heraclitus
477 1679 570 1764 igitur
600 1677 718 1765 [unum]
750 1680 790 1742 ait
820 1696 891 1742 esse
923 1679 1096 1743 universum
1130 1674 1259 1739 divisum

108 1783 290 1865 indivisum,
320 1786 457 1870 genitum
481 1787 718 1871 non-genitum,
747 1785 876 1850 mortale
902 1783 1092 1870 immortale,
1121 1783 1259 1864 verboru,

111 1907 233 1974 aarum,
256 1896 373 1973 patreur
395 1892 503 1975 lilium,
526 1891 617 1960 deum
639 1895 759 1960 iustum.
805 1894 890 1972 llos,
924 1893 977 1976 psi
1007 1909 1070 1954 son
1100 1890 1174 1954 ssilss'
1204 1889 1262 1954 seul

112 2000 208 2064 serbo
248 2002 515 2079 auscultaverunt,
560 2003 700 2083 confiteri
739 2005 865 2084 sapietis
901 2007 962 2084 est,
1003 2007 1098 2064 sesset
1137 1999 1300 2064 woisseoa

112 2108 514 2190 summasunmna,
538 2108 580 2170 ait
602 2107 791 2192 Heraclitus,
814 2116 845 2172 et
877 2107 960 2190 quod
984 2106 1044 2170 boe
1067 2123 1130 2169 non
1153 2121 1261 2170 omnes

112 2215 217 2280 norint
246 2233 350 2298 nequo
380 2216 601 2300 confiteantur,
632 2215 834 2300 reprehendit
863 2219 892 2280 in
916 2215 999 2278 bunc
1022 2214 1089 2278 tere
1119 2212 1260 2278 modurn:

111 2319 183 2384 Non
214 2322 403 2404 intellipunt,
447 2326 598 2408 quomodo
636 2323 783 2406 differens
818 2325 879 2389 sibi
915 2324 1108 2397 cossentiotr
1143 2319 1262 2400 rofiaco

111 2428 275 2494 monta
296 2431 389 2494 sicuti
410 2449 505 2496 orum
526 2440 558 2495 et
577 2433 673 2514 tyros.
724 2431 884 2496 Rationem
907 2437 1010 2495 sutem
1035 2447 1107 2494 esse
1128 2445 1261 2513 semper,

113 2553 183 2599 eum
213 2537 253 2599 sit
284 2538 462 2602 universum
492 2543 524 2602 et
552 2557 609 2622 per
637 2540 832 2641 universum,
869 2540 910 2603 sit
941 2539 973 2602 io
1009 2537 1092 2602 bunc
1119 2535 1302 2604 modum:sn

113 2643 255 2708 Rationis
283 2651 386 2708 eutem
418 2645 565 2728 luisses,
602 2665 683 2730 poce
715 2666 833 2730 oessper
866 2655 930 2725 est,
960 2647 1264 2727 non-intellipantes

116 2753 254 2815 esistunt
274 2752 413 2816 tornines
434 2760 465 2816 et
487 2763 649 2838 antequem
673 2754 858 2818 audiverunt
879 2761 909 2816 et
930 2773 998 2816 com
1016 2755 1149 2836 primum
1171 2753 1266 2814 codi-

114 2867 247 2938 oerunt,·
279 2861 413 2923 omnium
435 2863 515 2924 esim
538 2881 618 2946 pune
640 2863 807 2925 secundum
829 2862 1083 2925 honorationem
1105 2862 1183 2941 fiunt
1205 2861 1266 2920 im·

111 2967 223 3048 peritis
250 2968 369 3031 similes
399 2975 490 3047 urst,
525 2970 595 3032 dum
615 2971 834 3052 periclitentur
864 2977 895 3031 et
922 2967 1019 3032 uerbo
1041 2977 1071 3030 et
1092 2986 1188 3048 opere
1210 2975 1264 3028 tc-

115 3075 175 3152 liu‚
198 3076 306 3156 quotie
327 3095 385 3156 epo
406 3095 527 3157 peropo
554 3077 695 3140 dividens
726 3077 893 3140 secondom
919 3083 1063 3139 semrom
1091 3083 1184 3156 utque
1205 3075 1303 3144 sle-ss

117 3179 243 3244 clarens
278 3183 428 3265 querendo
458 3202 526 3246 sese
560 3183 703 3248 labeant.
755 3185 885 3248 Puerum
915 3181 1028 3268 (lilium)
1062 3188 1163 3244 autem
1195 3197 1266 3244 esse

117 3288 294 3351 universum
325 3296 357 3351 et
388 3307 445 3372 per
477 3308 587 3354 aevum
623 3294 812 3356 aeviternum
852 3307 959 3374 regem
994 3291 1130 3354 universi
1163 3290 1205 3354 eit
1234 3288 1265 3351 in

118 3495 464 3574 statam]rtsasb1tatso;
490 3499 525 3555 el.
553 3497 721 3574 Hernaysius
748 3502 766 3555 l.
791 3500 809 3554 l.
835 3497 951 3556 Etiamsi
975 3499 1136 3555 Heraclitus
1160 3499 1190 3554 ’ἒν
1215 3515 1265 3572 pro

119 3591 244 3647 subiecto
264 3595 418 3666 acceperit,
437 3592 606 3667 Hippolytus
626 3605 701 3649 certe
721 3595 750 3648 is
768 3611 818 3666 pro
837 3603 914 3667 parte
934 3593 1055 3660 obiecti,
1080 3609 1151 3666 quae
1179 3593 1267 3648 πάντα

120 3685 282 3756 explicaret,
301 3685 397 3742 babuit
547 3689 591 3743 66.
615 3685 761 3743 slesoer
911 3688 1027 3742 st-ss.
1052 3683 1095 3742 (H.
1120 3683 1268 3741 Selrleier-

120 3775 242 3843 macher,
262 3780 419 3834 llas-olleitos
437 3783 482 3834 rler
502 3783 602 3836 Ducite
619 3781 648 3835 irs
673 3783 742 3848 Wolf
756 3781 810 3834 und
823 3781 962 3835 Huttssosus
980 3781 1094 3834 limeum
1112 3779 1158 3832 des·
1175 3779 1268 3832 Alter-

8 3895 10 3908 ·
119 3873 376 3941 tlsmsscissesselsost
392 3890 418 3945 p.
434 3873 487 3928 410
502 3890 560 3946 sqq.
589 3870 759 3946 Bernayeiua
789 3873 817 3927 in
847 3875 914 3928 Hos.
937 3875 1057 3928 Menos.
1084 3871 1222 3941 Jolsrpasp
1239 3869 1267 3924 7.

120 3981 147 4037 p.
166 3965 210 4020 94.
236 3973 293 4020 not.
444 3967 489 4023 bs.
514 3966 663 4040 ripoloys'as]
689 3967 845 4042 ὁμολογέειν
871 3962 893 4021 C
1019 3965 1063 4020 60.
1093 3959 1142 4039 sir]
1169 3957 1207 4016 ὥν
1231 3958 1267 4016 C:

121 4057 217 4118 αἰῶνος
241 4054 408 4129 Hernaysius
433 4069 462 4117 et
488 4058 644 4116 Bussenius
800 4059 933 4114 60—66.
958 4053 1002 4112 et.
1026 4053 1134 4125 Fragor.
1160 4055 1195 4110 st
1223 4069 1267 4125 ap.

124 4145 409 4205 SchleiermaeHerum
531 4153 575 4206 60.
595 4152 638 4204 st.
656 4151 731 4206 sorios
748 4151 849 4223 liner]
868 4151 913 4206 soi
931 4151 1037 4211 δέοντος
1053 4145 1076 4202 G
1094 4145 1124 4202 Μ
1222 4145 1267 4202 61.

9 4235 10 4260 ¹
122 4241 248 4312 ἅξὺνετυι]
266 4243 334 4306 fessi
352 4239 375 4298 G
503 4243 547 4298 62.
567 4243 731 4305 ἀκούσαντας
749 4240 772 4298 C
909 4241 1055 4314 γινόμενον
1074 4236 1096 4293 G
1222 4239 1268 4292 63.

122 4333 270 4406 inslpom
287 4333 456 4408 Beraayaius
476 4345 504 4391 et
521 4334 694 4394 Bunseniesr
714 4335 821 4409 ἄπειροι
831 4332 929 4391 atalsC
943 4332 987 4390 H:
1006 4333 1112 4404 ἄπειροι
1123 4328 1270 4386 Soblaiae-

123 4425 265 4482 msclsarus
411 4429 456 4484 st.
476 4427 557 4484 ineis
575 4425 606 4484 G·
723 4429 767 4485 66.
789 4429 946 4502 depravent,
963 4427 1075 4498 suptar
1093 4421 1115 4478 G
1223 4423 1268 4478 66.

125 4519 194 4583 ὅπως
212 4517 235 4576 C
