3056 4970
244 261 309 328 258
353 263 390 349 (ρ.
405 262 592 347 ιτε-ιτε.)
647 267 741 324 mnan
762 263 810 340 vl,
833 271 970 328 αο-υυ.

245 432 337 492 έπεσε
357 438 422 502 τοίς
443 427 645 503 ἀποστόλοις·
667 429 749 514 πρός
769 429 808 492 όν
829 427 936 493 πολλοὶ
959 430 1081 514 Πέτρος
1109 425 1309 515 όνττκατέστή
1319 452 1385 512 μα-

210 539 345 616 τυγείαις
366 535 538 600 πλανωντα
552 535 701 610 πολλοὺς.
739 531 840 610 Οὑτος
860 535 915 600 ἐπὶ
935 517 1013 600 τέλει
1035 535 1147 600 έλθόν
1168 534 1204 599 έν
1224 559 1259 601 τ.
1273 580 1281 599 .
1297 559 1383 620 ..εή,

244 640 309 706 ὑπό
340 641 504 706 πλάτανον
536 641 751 725 καθεζόμενος
778 640 935 706 έόίόασκε.
987 645 1051 706 Καί
1080 641 1120 728 όή
1151 641 1267 706 λοιπόν
1294 641 1387 722 έγγὺς

245 754 301 814 τοῦ
322 749 511 831 ἐλέγχεσθαι
532 747 697 832 γινόμενος
719 747 774 813 διὰ
795 748 830 811 τό
851 746 1054 833 ἐγχρονίζειν,
1077 749 1156 835 ἔφη,
1180 747 1227 812 όα
1250 749 1280 812 εί
1300 765 1383 829 χωσ-

246 859 320 941 θείη
342 855 423 934 ζῶν,
457 853 664 941 ἀναστήσεται
694 859 730 946 τῇ
757 857 839 944 τρίτή
867 854 979 940 ήμέρᾳ.
1032 859 1095 918 Καί
1123 854 1163 940 δή
1183 853 1309 940 τάφρον
1330 877 1383 918 κε-

244 962 358 1038 λεύσας
391 960 544 1047 όρυγῆναι
572 959 637 1026 ὑπὸ
665 965 728 1026 τόν
755 965 913 1047 μαθήταίν
941 961 1084 1026 έκέλευσε
1116 966 1294 1047 χωσθῆναι.
1341 961 1383 1026 Οἳ

207 1075 302 1154 νομόν
332 1067 392 1135 οὖν
418 1070 453 1133 τό
480 1071 684 1156 προσταχθὲν
713 1068 883 1154 έποίήσαν,
919 1065 937 1132 ό
968 1066 1004 1132 δὲ
1032 1067 1203 1150 άπέμεινεν
1224 1071 1284 1143 ίως
1305 1071 1383 1132 νῦν·

244 1175 284 1242 οὔ
303 1175 366 1261 γὰρ
387 1173 427 1261 ήν
448 1175 466 1240 ό
488 1176 633 1261 Χριστός.
687 1171 788 1250 Οὑτος
809 1175 850 1261 δή
871 1180 925 1238 καί
947 1173 964 1239 ό
988 1175 1068 1238 κατὰ
1089 1176 1145 1239 τόν
1164 1177 1298 1259 Σίμωνα
1318 1177 1383 1258 μό-

243 1285 326 1360 θυς,
357 1280 415 1369 ἀφ’
437 1277 477 1346 οὑ
501 1279 710 1357 Οὑαίενανος
729 1281 786 1356 τὰς
806 1279 960 1366 ἀφορμάς
981 1281 1091 1363 λαβὼν
1114 1280 1225 1358 ἄλλοις
1245 1280 1382 1365 όνόμασι

244 1390 343 1454 καλεί.
390 1389 428 1452 ‘0
456 1390 518 1476 γὰρ
539 1389 545 1475 Ι
566 1393 663 1465 νοός
688 1393 743 1453 καί
767 1387 787 1473 ή
810 1387 988 1474 α’λήθεια
1009 1392 1065 1452 καί
1087 1387 1210 1468 λόγος
1230 1392 1286 1453 καί
1307 1387 1383 1474 ζωή

243 1501 297 1560 καί
318 1497 537 1583 ἅνθρωπος
558 1500 612 1560 καί
633 1494 845 1581 λκκλρσία,
868 1493 900 1558 οί
924 1493 1135 1561 Οὐαλεντίνου
1155 1496 1279 1574 αίαίνες,
1301 1495 1383 1580 ὑμα-

207 1602 443 1686 ίολογουμένως
464 1603 544 1667 είσίν
563 1599 599 1666 αλ
620 1605 764 1685 Σίμωνος
784 1603 819 1679 έξ
842 1599 941 1688 ῥίζαι,
965 1605 1075 1680 νοός,
1101 1601 1280 1680 έπίνοια,
1303 1626 1383 1690 φοι-

242 1709 303 1795 νή,
327 1711 468 1793 ὄνομα,
492 1708 688 1791 λογισμός
709 1713 763 1773 καί
784 1707 1015 1793 ένθόμίγστς.
1070 1707 1153 1774 Ἀλλ’
1174 1709 1243 1775 έπεί
1263 1706 1382 1787 λκανοὶίς

241 1813 318 1900 ἡμίν
346 1814 435 1880 όοκεί
459 1816 664 1878 έκτεθείσθατ
692 1815 748 1900 τήν
776 1817 923 1899 Σίμωνος
948 1816 1172 1898 μυθοποιίαν,
1210 1817 1329 1902 ἴδωμεν
1354 1820 1384 1881 τί

243 1920 326 2002 λέγει
347 1927 401 1985 καί
424 1919 644 1996 Οὑαλενπνος.

328 2028 381 2092 21.
424 2027 513 2092 Ἔστι
537 2031 599 2109 μέν
626 2022 730 2112 οόνή
761 2025 974 2092 Οὐαλεντίνου
1003 2031 1123 2111 αίρεσις
1153 2029 1383 2112 Πυθαγορικὴν

206 2134 358 2214 ίοέχουσα
380 2138 434 2198 καί
453 2133 660 2219 Πλατωνικήν
680 2133 735 2218 τήν
755 2130 923 2199 ὑπόθεσιν.
975 2138 1038 2199 Καί
1056 2133 1118 2219 γάρ
1140 2134 1279 2200 Πλάτων
1299 2133 1384 2210 όλως

242 2239 279 2304 έν
308 2243 351 2326 τῷ
384 2242 509 2327 Τιμαίῳ
541 2240 596 2304 τόν
622 2239 828 2326 Πυθαγόραν
856 2239 1060 2325 ἀπεμάξατο·
1091 2244 1261 2328 τοιγαροῦν
1287 2237 1381 2305 καλό

247 2349 382 2430 Τίμαιος
403 2345 500 2421 αὑτός
521 2346 605 2411 έσαν
626 2344 712 2432 αὑτῷ
733 2345 961 2434 Πυθαγόρειος
982 2348 1083 2424 ξένος.
1117 2347 1177 2412 Διό
1190 2346 1382 2427 όοκείόίίγα

241 2456 294 2538 τής
323 2455 547 2540 Πυθαγορείου
577 2458 631 2517 καί
659 2452 865 2540 Πλατωνικῆς
896 2453 1161 2540 ὑπομνησθέντος
1194 2451 1383 2530 ὑποθέσεως

239 2561 406 2646 ἄρξασθαι
434 2564 489 2624 καί
517 2561 556 2624 τό
591 2558 804 2624 Οόαλεντίνου
830 2559 942 2641 λέγειν.
999 2560 1040 2624 Et
1069 2562 1132 2647 γάρ
1162 2565 1216 2625 καί
1250 2561 1288 2626 έν
1318 2571 1383 2636 τοίς

204 2666 396 2754 τοπρότερον
422 2665 477 2753 ὑφ’
502 2665 596 2752 ήμῶν
625 2669 857 2752 πεπαυμένοις
887 2666 1039 2746 ἔγκεινται
1060 2671 1115 2731 καί
1134 2667 1173 2731 τά
1194 2667 1381 2755 Πυθαγόρᾳ

241 2777 296 2836 καί
317 2772 466 2838 Πλάτωνι
499 2769 716 2858 όεὺοκήμένα,
748 2771 834 2837 ἄλλά
860 2796 897 2853 γε
918 2777 973 2836 καί
993 2775 1053 2838 νὺν
1073 2771 1131 2838 οὑκ
1153 2771 1277 2854 ἀλόγως
1298 2771 1382 2838 ὑπο-

240 2881 466 2966 μνήσθήσομαι
489 2878 529 2944 δι’
551 2880 700 2970 ἐπιτομῆς
711 2885 765 2944 καὶ
778 2878 1016 2966 κορυφαιότατα
1036 2883 1100 2946 aiv
1120 2877 1227 2956 αότττς
1248 2879 1382 2966 ἀρεσκο-

240 2988 366 3070 μένων,
390 2988 471 3073 πρός
491 2986 526 3050 τι)
547 2985 760 3067 εόεπίγνωστα
781 2988 933 3066 γενέσθαι
955 2986 994 3050 τά
1018 2983 1218 3073 Οὑαλεντίνῳ
1240 2985 1380 3064 όόξανια

242 3092 298 3156 όιά
326 3097 380 3178 τής
409 3093 549 3172 ἐγγίονος
580 3096 794 3179 παραθέσεως
821 3097 876 3157 καὶ
897 3091 1010 3176 όμοίας
1032 3095 1218 3178 συγκρίσεως
1239 3097 1302 3158 τῶν
1320 3097 1381 3176 μὲν

202 3197 345 3266 ίοπάλαε
368 3197 431 3262 ἄπ’
453 3199 637 3279 Αίγυπιίων
667 3202 766 3264 ταῦτα
794 3197 1050 3288 παραλαβόντων
1079 3204 1134 3262 καὶ
1158 3199 1203 3274 είς
1221 3198 1381 3286 Ἕλληνας

240 3303 528 3389 μεταόιόαξάντων,
550 3308 606 3369 τοὺ
628 3303 777 3390 δὲπαρά
799 3305 926 3383 τοὺτων,
949 3304 996 3369 όα
1019 3304 1054 3369 όὲ
1074 3303 1151 3392 παρ’
1165 3303 1281 3384 αὑτῶν,
1305 3305 1380 3370 ότα-

240 3414 448 3498 ψευσαμένου
470 3410 560 3476 ίόίαν
580 3433 612 3475 τε
634 3410 735 3490 δόξαν
756 3416 905 3498 συστῆσαι
927 3415 1180 3500 κατηραμένον,
1211 3456 1380 3477 ......

240 3517 451 3601 σπαράξαντα
480 3521 540 3601 μέν
565 3517 605 3581 τό
631 3517 761 3582 ἐκείνων
791 3515 926 3602 ὀνόμασι
955 3521 1009 3582 καί
1030 3516 1202 3601 άριθμοίς,
1232 3516 1322 3593 ίόίως
1343 3517 1380 3582 δὲ

239 3622 417 3688 καλέσαντα
439 3628 493 3687 καί
506 3626 630 3710 μέτροις
653 3622 845 3711 όιορίσαντα,
869 3623 957 3698 ὅπως
979 3627 1100 3711 αίρεσιν
1114 3621 1382 3710 Ἑλλήνικήνποι-

202 3728 332 3816 οοκίλην
352 3733 424 3814 μέν,
447 3729 622 3795 ἀσύστατον
644 3729 681 3795 δέ
703 3735 758 3794 καί
779 3729 837 3796 οὑκ
859 3727 1041 3816 ἀνήκουσαν
1063 3733 1191 3817 Χριστῷ
1214 3727 1357 3822 συστήσῃ.

324 3853 377 3916 22.
414 3851 458 3915 ‘H
473 3857 533 3934 μὲν
552 3851 610 3917 υὺν
630 3851 710 3939 α’ρχή
734 3856 786 3939 τής
807 3851 995 3928 ὑποθέσεως
1015 3850 1099 3915 ἐστιν
1120 3850 1156 3915 έν
1176 3855 1220 3938 τῷ
1232 3852 1237 3940 Ι
1253 3855 1377 3940 Τιμαίῳ
1494 3871 1495 3880 ’

237 3961 281 4044 τῷ
303 3955 455 4021 Πλάτωνι
477 3962 577 4045 σοφία
600 3959 801 4039 Αἰγυπτίων·
831 3958 958 4038 έκείθεν
977 3957 1039 4044 γὰρ
1062 3955 1080 4023 ό
1101 3956 1216 4022 Σόλων
1238 3957 1379 4044 τήνόλήν
1493 3983 1494 3989 “

236 4063 399 4128 ὑπόθεσιν
424 4069 497 4150 περὶ
522 4069 576 4152 τῆς
602 4066 723 4149 κόσμου
743 4066 914 4154 γεννήσεως
936 4070 990 4133 καί
1011 4066 1145 4151 φθορᾶς
1165 4063 1299 4153 παλαιῷ
1320 4068 1379 4130 τινί

311 4271 356 4324 22.
376 4269 432 4340 διὰ]
451 4267 533 4332 όὶςῦ
607 4275 651 4329 30.
671 4275 697 4326 οί
716 4270 781 4327 CM
838 4273 883 4328 35.
898 4270 959 4333 ὑλος
976 4268 1050 4342 prG
1122 4273 1167 4327 36.
1186 4270 1378 4346 άπομάξαιοῦ

237 4363 286 4419 38.
305 4362 476 4428 Πλατωνικὴν
493 4380 526 4435 pr
545 4359 581 4418 C:
600 4365 742 4426 Πλάτωνος
762 4360 867 4418 αοπίὶ
955 4363 1000 4419 39.
1021 4359 1064 4418 Cf.
1084 4379 1166 4434 εαρτε
1185 4362 1205 4417 ί.
1224 4361 1245 4429 Ι,
1264 4379 1288 4418 τ.
1307 4365 1334 4422 2.
1351 4381 1377 4436 μ.
1489 4359 1490 4369 ’
