3052 4984
580 357 741 417 abactor.
765 356 902 420 radron.
1249 359 1314 425 897

168 523 250 604 pium
272 521 302 584 id
334 521 419 603 quod
448 522 559 587 iustum
582 533 630 589 est
652 535 682 589 et
710 527 741 589 in
771 527 872 592 medio
902 527 985 590 inter
1010 525 1126 590 bouum
1151 532 1182 590 et
1204 527 1314 590 malum

168 629 316 713 positum,
350 645 392 692 ne
425 631 470 692 sic
501 629 624 711 quidem
647 633 768 715 Prepon
800 635 896 698 valuit
926 631 1122 717 Empedoclis
1159 633 1315 698 doctrinas

171 735 320 818 ellegere.
377 735 521 799 lluudum
558 737 638 800 anim
670 739 713 802 ait
752 757 822 803 csse
859 739 1062 822 Empedocles
1094 757 1179 823 eam,
1214 741 1266 821 qui
1296 759 1354 812 aaa

172 841 328 907 discordia
358 842 437 906 mala
469 843 677 928 gubernetur,
708 853 739 909 et
769 847 897 910 alterum
924 845 1164 934 intelligibilem,
1197 851 1248 929 qui
1277 847 1314 912 ab

170 943 317 1035 amicitia,
339 957 371 1014 et
393 967 465 1014 asse
487 949 566 1015 baec
589 951 710 1017 diversa
732 954 883 1036 principia
908 953 969 1018 duo
992 955 1066 1019 boui
1090 963 1122 1018 et
1144 955 1223 1040 mali,
1244 974 1316 1018 me-

171 1057 251 1122 diam
289 1064 391 1122 autem
426 1075 497 1122 ease
531 1060 722 1125 diversorum
762 1063 979 1144 principiorum
1013 1065 1122 1127 iustam
1152 1064 1315 1148 rationem,

171 1181 230 1246 qua
256 1163 439 1248 colligantur
468 1166 641 1231 discretae
667 1167 821 1233 discordia
856 1178 888 1233 et
916 1169 1121 1252 adiungantur
1152 1187 1209 1252 per
1237 1171 1317 1234 ami-

170 1273 270 1336 citiam
299 1273 361 1337 uni.
403 1271 489 1336 lianc
511 1273 607 1356 ipsam
631 1277 739 1340 iustam
761 1277 925 1360 rationem,
948 1295 1029 1359 quae
1052 1277 1217 1340 auxilietur
1239 1278 1355 1343 ami-to

171 1380 278 1465 citiac,
309 1377 425 1444 bluaam
447 1377 652 1462 Empedocles
675 1383 832 1468 appellans
855 1387 975 1467 etipse
997 1385 1056 1448 sibi
1085 1383 1195 1449 auxilio
1218 1383 1319 1449 adro-

172 1493 221 1550 cat
243 1489 274 1550 in
295 1485 377 1550 bunc
400 1485 469 1552 iere
489 1487 633 1552 modum:

214 1611 251 1676 sa·
272 1614 353 1675 enim
375 1613 462 1676 circa
483 1616 628 1678 mortales
653 1634 720 1694 rea,
745 1617 929 1680 immortalis
950 1615 1047 1698 Maca,

215 1721 303 1783 cordi
325 1717 381 1783 tibi
401 1719 465 1800 suit
484 1723 699 1786 meditationes
720 1724 754 1786 in
773 1733 910 1788 nostram
932 1735 1060 1790 mentem
1080 1723 1206 1790 venire:

210 1829 354 1909 precanti
379 1847 463 1891 nanc
483 1848 592 1892 rursus
614 1831 737 1908 adesto,
768 1832 937 1914 Calliopea,
1324 1853 1355 1905 aa

215 1937 302 1998 circa
326 1937 400 1999 aleca
422 1935 529 2000 beatos
550 1938 702 2018 integram
725 1939 896 2003 doctrinam
916 1941 1078 2022 aperienti.

174 2059 257 2124 llaec
280 2069 406 2126 secutus
434 2061 572 2126 biarcion
602 2064 841 2147 generationem
871 2063 1034 2129 salvatoris
1065 2064 1162 2128 nostri
1191 2081 1318 2146 prorsas

172 2173 308 2256 respuit,
340 2171 490 2234 absonum
527 2189 598 2234 esse
631 2172 794 2236 arbitratus
826 2171 883 2236 sub
918 2171 1095 2258 figmentum
1124 2171 1319 2254 perniciosae

174 2278 262 2342 buius
292 2277 466 2342 discordiae
499 2279 623 2342 venisse
653 2282 820 2364 rationem,
853 2298 933 2362 quae
965 2279 1128 2344 auxilietur
1158 2277 1320 2360 amicitiae,

172 2384 233 2449 boc
256 2393 305 2449 ast
325 2385 428 2464 bono,
449 2385 504 2448 sed
526 2404 667 2450 seorsum
692 2405 708 2448 a
731 2389 937 2469 generatione
959 2404 1040 2450 anno
1067 2383 1187 2449 decimo
1212 2385 1318 2468 quinto
1327 2405 1359 2456 το

174 2494 293 2576 imperii
320 2493 434 2555 Tiberii
460 2492 603 2556 Caesaris
635 2492 790 2574 delapsum
821 2511 890 2557 emn
922 2511 1073 2577 superae,
1106 2493 1319 2556 intermedium

174 2603 254 2664 inter
276 2599 390 2663 bonum
416 2606 448 2662 et
470 2598 595 2681 malum,
624 2596 769 2662 docuisse
792 2595 822 2661 in
846 2602 1026 2684 synagogis.
1079 2601 1110 2665 Si
1138 2601 1218 2663 enim
1252 2616 1322 2660 me-

175 2707 243 2770 dius
266 2705 387 2788 quidam
410 2713 474 2785 est,
504 2712 642 2768 remotus
673 2713 733 2790 cst,
770 2705 881 2790 inquit,
918 2707 955 2769 ub
988 2706 1070 2770 omni
1100 2681 1207 2770 natura
1238 2705 1322 2782 muli3

174 2814 270 2878 malus
287 2819 462 2895 summast,
487 2812 575 2874 sicuti
591 2814 641 2896 ait,
659 2811 837 2896 demiurgus
857 2812 1008 2895 huiusque
1024 2831 1128 2893 opera.
1172 2812 1321 2892 Propter-

175 2939 231 3003 ea,
254 2919 370 3002 inquit,
394 2925 648 3002 non-generatus
680 2918 840 2983 descendit
874 2920 974 2999 lesus,
1010 2925 1044 2984 ut
1067 2926 1151 2983 esset
1174 2919 1211 2981 ab
1237 2917 1357 2984 omnim

175 3034 311 3091 remotus
348 3025 471 3090 malitia.
533 3025 680 3090 Remotus
711 3033 811 3091 autem
846 3035 910 3112 est,
941 3029 1053 3111 inquit,
1084 3027 1173 3090 etiam
1207 3027 1319 3089 aboni

176 3142 295 3215 natura,
320 3140 352 3196 ut
374 3135 413 3196 sit
436 3132 556 3196 medius
577 3132 713 3230 puidam,
737 3143 769 3198 ut
791 3137 832 3198 eit
854 3135 975 3220 Paulus,
999 3143 1028 3198 et
1050 3142 1085 3198 ut
1106 3137 1172 3218 ipsc
1190 3133 1322 3197 coalte-

175 3249 242 3307 tur:
278 3242 356 3317 oeta
375 3261 423 3303 me
447 3241 551 3303 dicitis
577 3239 711 3303 bonum?
743 3261 822 3304 anua
845 3250 893 3305 est
923 3242 1029 3306 bonas.
1085 3241 1167 3306 llaec
1198 3240 1321 3322 quidem

290 3399 315 3453 εί
330 3397 385 3470 γάρ
403 3398 557 3470 ἐφημερίσιν
574 3395 662 3450 irem
679 3395 762 3461 τινός,
788 3397 903 3470 άμβροτε
922 3398 1028 3462 Μοῦσα,

289 3490 415 3564 ἡμετέρας
432 3490 541 3562 μελέτας
559 3487 651 3554 άάενῆς
670 3490 705 3559 (τ.
725 3490 858 3562 ταθαρῆς)
884 3489 931 3544 aaut
949 3490 1092 3561 φροντίδος
1109 3491 1197 3544 Ilbeita

293 3582 437 3657 (ripaealtae
472 3619 480 3636 .
518 3620 525 3634 .
555 3619 572 3652 0
607 3618 614 3635 .
652 3619 659 3635 .
694 3579 723 3634 τά
740 3581 828 3654 πάρος
845 3582 904 3636 ποτ’
925 3582 1039 3652 ίάωττας)

289 3675 441 3748 εάχομίνρ·
459 3673 509 3728 νίν
527 3667 586 3727 αίοτε
603 3675 749 3744 παρίστατο
754 3713 763 3738 ,
783 3673 956 3738 neminem

291 3765 366 3839 άμφί
383 3766 455 3820 θεῶν
471 3764 605 3837 μακάρων
625 3763 734 3837 ἀγαθὸν
750 3765 833 3838 λόγον
851 3768 1017 3838 ίμφαίνονεε.
1401 3833 1405 3838 ἡ

178 3860 223 3916 67.
242 3861 267 3914 εί
281 3859 336 3932 γάρ
352 3861 504 3930 ίριρμερίοτν
519 3859 624 3929 ἔμελεν,
651 3874 690 3911 ac.
719 3873 763 3911 οοτ
790 3857 861 3912 conl.
887 3855 917 3911 bi
1068 3857 1113 3910 to.
1144 3856 1278 3928 μακάρων
1294 3849 1324 3909 Μ

178 3945 466 4005 rt-aa.1teeenauia
484 3945 553 4002 baca
574 3945 656 4000 rerba
676 3944 835 4002 Banaeaiua
853 3946 881 4000 in
900 3949 1018 4000 Audeat.
1037 3948 1239 4001 Ante-Nicaea.
1259 3943 1322 3998 Vol.

178 4039 199 4108 l,
218 4043 262 4096 99.
334 4042 379 4097 73.
403 4035 504 4115 mima]
532 4037 563 4092 τὰ
584 4039 629 4093 τοί
654 4034 676 4094 C
748 4039 865 4095 74-78.
894 4035 937 4094 cl.
958 4055 1020 4092 cum
1039 4037 1082 4092 bia
1101 4038 1210 4092 initium
1231 4053 1321 4092 aran·

179 4135 245 4206 gebi
267 4131 453 4190 Marcionitici
525 4131 570 4185 ld.
600 4131 844 4202 ουναγοντζίμενον
870 4127 892 4185 C
965 4131 1011 4186 75.
1030 4133 1078 4184 irae
1095 4128 1324 4198 πεντεκαιδεκάτῳ]

177 4230 219 4295 inp
235 4228 309 4282 nim
326 4226 373 4281 καί
393 4218 532 4280 rexerat}
643 4223 778 4294 Τεβερίου]
795 4219 956 4295 marginal}
1029 4221 1073 4275 77.
1092 4222 1174 4292 μίσος
1182 4214 1230 4294 τες]
1245 4217 1326 4290 prand-

178 4337 221 4386 της
244 4314 266 4373 C
290 4315 335 4372 M:
365 4321 471 4391 μεσίτης
496 4311 653 4369 bannerius
683 4313 747 4368 coll.
777 4311 866 4369 Galat.
884 4315 911 4380 9,
933 4315 974 4369 19.
1057 4313 1101 4366 79.
1115 4311 1239 4384 ἀγένητος
1261 4305 1325 4366 CM

179 4411 224 4468 81.
242 4413 288 4467 82.
307 4405 324 4484 ᾖ
341 4413 423 4484 μεόος
438 4404 486 4484 τες]
505 4405 520 4474 ἢ
538 4405 650 4478 μεσίτης
666 4401 705 4460 C:
734 4399 751 4479 ᾖ
772 4405 883 4480 μεσίτης
898 4403 946 4462 bl:
975 4395 1112 4479 ᾖμεοίτης
1134 4401 1280 4473 lloeperaa
1299 4409 1328 4457 at

180 4499 339 4556 Bnaaeniaa
506 4497 553 4552 82.
573 4495 619 4551 83.
640 4491 682 4549 Cl.
701 4493 768 4551 Luc.
791 4495 831 4560 18,
852 4497 893 4550 19.
912 4493 998 4550 blara.
1021 4493 1112 4556 10,18
1144 4497 1177 4548 m·
1192 4511 1228 4566 με
1245 4494 1329 4565 λε’γεες
