2920 4982
57 370 341 430 REchlTUlATIO:
366 369 679 434 llllelllSllDEGlANl.
704 367 1105 431 uonrnntsrnuttobws.
1140 363 1202 428 529

60 541 113 622 qui
148 547 238 604 antea
273 537 344 603 dicti
376 546 461 624 sunt,
498 539 682 626 loquuntur,
712 559 773 604 una
803 547 918 604 tantum
952 558 987 603 re
1018 539 1205 622 differentes,

59 647 141 730 quod
163 646 373 712 Melchisedec
395 656 538 730 tanquam
561 665 617 729 pro
641 654 791 731 potestate
814 647 943 729 quadam
968 645 1120 733 [maxima]
1146 649 1205 711 ha-

56 755 148 841 bent,
173 755 311 820 dicentes
333 773 401 818 eum
425 773 519 837 supra
541 774 693 838 quamquo
716 762 901 839 potestatem
924 774 1006 842 esse,
1024 756 1203 820 cuiusima-

57 867 162 948 ginem
185 863 307 928 reterre
329 862 479 926 Christum
503 863 617 928 volunt.
1212 870 1241 920 eo

146 971 198 1037 25.
243 971 380 1054 Phryges
404 979 506 1036 autem
530 992 571 1036 ex
586 972 734 1064 llontano
755 972 886 1054 quodam
904 979 934 1036 et
950 972 1085 1037 Priscilla
1101 972 1205 1036 blaxi-

59 1081 201 1162 millaque
227 1081 312 1146 initia
335 1081 474 1147 baeresis
498 1101 573 1146 suae
603 1084 703 1167 nacti,
733 1082 942 1165 prophetissas
974 1101 1044 1146 esse
1077 1084 1203 1146 nrulier-

59 1190 145 1255 culos
167 1191 233 1256 illas
256 1198 398 1274 putantes
422 1199 453 1254 et
474 1191 655 1275 prophetam
678 1192 872 1277 Montanum,
904 1200 935 1256 et
966 1164 1046 1274 quae
1070 1191 1108 1254 ad
1130 1193 1204 1255 uni-

57 1302 140 1364 versi
163 1301 313 1382 originem
329 1308 360 1363 et
378 1301 524 1365 fabricam
540 1304 684 1384 attinent,
707 1309 794 1366 recte
818 1301 922 1365 dicere
942 1303 1052 1384 solent,
1076 1307 1203 1383 atquae

58 1406 97 1472 ad
116 1408 276 1492 Christum,
301 1428 362 1473 non
379 1411 482 1491 inepte
498 1410 630 1492 amplexi
644 1416 723 1494 sunt,
747 1409 890 1474 falluntur
908 1417 1009 1475 autem
1029 1427 1096 1473 oum
1111 1420 1240 1492 soprato

57 1514 165 1599 dictis,
189 1515 226 1578 ad
251 1533 380 1598 quorum
404 1517 500 1581 verba
525 1517 621 1602 magis
645 1537 735 1599 quam
760 1517 798 1582 ad
822 1518 985 1601 evangelia
1009 1534 1079 1580 sese
1103 1519 1204 1600 appli-

56 1629 166 1686 cantes
190 1632 301 1708 errant,
324 1626 438 1690 ieiunia
461 1645 543 1691 nova
566 1635 598 1691 et
620 1635 813 1691 monstruosa
837 1625 1029 1693 definientes.

145 1733 197 1798 26.
243 1735 301 1798 Alii
322 1743 423 1799 autem
447 1755 553 1800 eorum
576 1734 797 1800 Nobtianorum
820 1735 944 1800 haeresi
972 1734 1131 1800 studentes
1155 1755 1202 1814 ea,

56 1857 139 1922 quac
163 1841 201 1904 ad
225 1843 422 1908 mulierculas
445 1845 510 1910 illas
534 1852 625 1928 atquc
648 1845 825 1909 llontanum
847 1847 1010 1929 pertinent,
1034 1843 1203 1910 consimili·

56 1955 106 2011 ter
128 1953 280 2036 sentiunt,
307 1971 388 2035 quae
418 1961 520 2018 autem
550 1954 591 2018 ad
621 1956 837 2020 universorum
870 1964 1002 2038 patrem,
1037 1954 1239 2037 diffamant,ro

53 2059 155 2140 ipsum
178 2078 249 2124 esse
270 2061 362 2125 filium
386 2069 418 2125 et
439 2072 558 2146 patrem
582 2063 738 2148 dicentes,
770 2065 919 2128 visibilem
952 2069 983 2127 et
1009 2063 1201 2146 invisibilem,

53 2174 239 2250 generatum
263 2177 294 2233 et
318 2179 598 2258 non-generatum,
636 2175 794 2238 mortalem
826 2178 858 2236 et
886 2172 1102 2239 immortalem:
1131 2172 1201 2236 hia

51 2270 157 2335 Nodto
180 2275 312 2356 quodam
335 2277 476 2359 protecti.
1034 2363 1037 2370 Α

142 2380 193 2444 27.
239 2382 444 2449 Consimiliter
466 2395 567 2452 autem
591 2395 623 2451 et
640 2385 775 2471 Noerus,
805 2403 923 2472 genera
947 2384 1069 2470 quidem
1092 2387 1202 2469 Smyr-

53 2506 169 2573 naeus,
193 2490 239 2553 vir
263 2510 368 2576 nugax
400 2499 431 2557 et
464 2494 567 2579 valer,
601 2495 768 2558 introduxit
797 2493 897 2558 bancc
928 2493 1072 2558 haeresin
1082 2545 1091 2579 ,
1122 2512 1239 2575 quaeso

55 2597 93 2660 ab
117 2595 259 2680 Epigono
283 2601 417 2684 quodam
441 2601 480 2666 ad
502 2601 701 2667 Cleomenem
732 2602 817 2666 venit
846 2610 878 2665 et
905 2604 950 2666 sic
971 2621 1069 2686 usque
1101 2600 1202 2666 adbuc

54 2706 85 2766 in
108 2721 308 2772 successores
330 2711 515 2792 permansit,
548 2709 653 2776 dicens
676 2729 769 2774 unum
798 2728 868 2775 esse
899 2718 1017 2793 patrem
1049 2717 1080 2773 et
1111 2709 1199 2774 deum

52 2813 286 2894 universorum3
316 2816 412 2902 bunc,
436 2819 487 2901 qui
512 2820 613 2881 omnia
636 2817 759 2902 lecerit,
783 2818 935 2882 occultum
964 2818 1058 2882 rebus
1087 2819 1200 2882 creatis

53 2920 207 2984 redditum
231 2942 315 3009 esse,
347 2927 470 3008 quando
493 2927 643 3011 voluerit,
679 2928 858 3010 apparuisse
888 2934 989 2991 autem
1020 2931 1103 3006 tum,
1133 2944 1200 2988 cum

55 3028 204 3108 voluerit;
227 3050 359 3114 eumque
383 3051 454 3098 esso
475 3033 672 3118 invisibilem,
699 3033 824 3116 quando
847 3052 910 3099 non
935 3032 1092 3118 videatur,
1123 3034 1237 3096 visi-oo

53 3137 146 3201 bilem
178 3147 296 3226 autem,
329 3141 452 3225 quando
480 3143 638 3226 videatur;
673 3143 893 3227 non-genitum
928 3151 1045 3226 autem,
1079 3140 1202 3223 quando

56 3264 120 3309 non
150 3248 310 3332 gignatur,
338 3254 475 3333 genitum
507 3261 627 3336 autem,
659 3251 783 3336 quaudo
815 3253 962 3336 gignatur
995 3269 1035 3313 ex
1064 3251 1204 3335 virgine3

53 3355 273 3438 impassibilem
296 3367 328 3422 et
349 3360 570 3448 immortalem,
600 3360 723 3442 quando
748 3377 811 3424 non
839 3361 970 3442 patiatur
994 3364 1025 3421 et
1047 3376 1109 3422 non
1133 3377 1203 3422 mo-

53 3465 169 3548 riatur,
193 3464 245 3528 ubi
268 3473 367 3530 autem
390 3469 553 3551 passiones
576 3469 740 3553 subiverit,
763 3467 825 3551 pati
849 3473 880 3531 et
902 3469 989 3530 mori.
1035 3466 1120 3529 Hunc
1142 3485 1200 3548 pa-

56 3579 134 3633 trem
158 3571 255 3654 ipsum
278 3573 370 3640 blium
395 3577 579 3643 arbitrantur
609 3597 666 3662 pro
693 3575 881 3660 temporibus
903 3575 1008 3640 vocari
1032 3571 1238 3640 secundumn

55 3678 240 3748 accidentia.

145 3787 261 3854 llorum
285 3791 429 3858 haeresin
453 3795 679 3880 corroborabat
702 3793 853 3877 Callistus,
877 3793 963 3856 ouius
985 3791 1076 3856 vitum
1099 3809 1198 3873 expo·

54 3894 173 3958 suimus
199 3896 384 3987 diligenter,
409 3905 459 3984 qui
483 3909 513 3966 et
536 3904 602 3986 ipse
625 3904 769 3968 haeresin
795 3901 929 3985 peperit,
963 3921 981 3964 a
1005 3899 1114 3983 quibua
1138 3901 1200 3962 ini-

54 4103 165 4176 δόξονς]
179 4109 342 4178 παραδόσεις
355 4107 414 4166 GM
487 4113 604 4168 tto-85.
621 4110 663 4168 Cl.
677 4130 759 4185 supra
774 4127 802 4184 p.
814 4113 875 4175 436,
886 4111 1004 4166 80-88.
1078 4109 1121 4162 st.
1140 4107 1197 4177 nal]

53 4195 252 4271 sardanapM
323 4203 475 4282 Mandros]
498 4206 658 4262 Μοντανὸν.9
729 4201 1053 4273 82.rdrroivSauppiua:
1073 4196 1156 4254 abac
1170 4197 1198 4254 M

53 4289 174 4350 86-97.
185 4292 227 4348 Cl.
242 4312 323 4366 supra
337 4299 435 4367 pato,
445 4299 545 4372 blaqq.
557 4299 689 4369 etp.448,
700 4300 732 4352 tt
744 4313 803 4370 sqq.
875 4296 919 4351 87.
930 4289 1080 4354 nomilch
1153 4294 1197 4346 ut.

55 4384 107 4464 ὅτε]
128 4385 209 4442 droa?
224 4385 362 4459 Sauppius
435 4391 480 4446 95.
494 4392 537 4445 96.
548 4389 679 4457 θνήσκειν.
702 4391 800 4444 Τοῦτον
810 4388 855 4442 τὸν
864 4388 964 4458 πατέρα
974 4385 1064 4456 αὐτὸν]
1075 4385 1198 4452 θνήσκειν

53 4483 147 4537 τοῦτον
156 4479 202 4534 τὸν
212 4482 328 4551 naaion·
342 4480 422 4536 αὐτὸν
433 4480 493 4537 CM
565 4485 608 4538 96.
621 4480 710 4558 αὐτὸν]
723 4483 803 4536 αὐτὸν
812 4481 877 4535 nul?
886 4478 1024 4552 Sauppiua
1081 4483 1200 4538 98-11.

59 4571 105 4628 Cl.
131 4589 213 4644 supra
239 4589 266 4644 p.
287 4573 339 4627 45⁰
357 4591 417 4646 sqq.
509 4575 551 4630 99.
577 4571 714 4650 ἀσφαλῶς]
739 4573 833 4646 σαφῶς
849 4590 924 4645 susp.
949 4571 977 4628 M
