3050 4988
261 457 379 540 νομίαν
406 455 444 520 δὲ
472 459 528 522 τοῦ
555 455 689 534 πάθους
717 456 754 522 ἐν
780 459 908 548 τήέκτη
934 457 999 520 τῶν
1025 451 1169 540 ήμεροίν,
1200 449 1266 537 ήτις
1290 445 1427 532 έσδνή
1493 475 1494 490 ¹

260 561 463 649 παρασκευή,
486 565 541 629 τόν
562 565 693 648 ἔσχατον
720 565 903 650 ἄνθρωπον
931 564 977 640 είς
998 559 1210 646 α’ναγέννησιν
1238 561 1293 622 τοῦ
1322 555 1426 643 προί-
1494 537 1495 605 ί

222 686 314 737 υυτυυ
335 671 518 759 άνθράπου
539 675 728 759 πεφηνέναι.
776 670 900 757 Ταύτης
928 672 981 756 τής
1014 669 1199 752 οἰκονομίας
1228 664 1332 753 άρχήν
1358 669 1425 727 καί

259 778 348 856 τέλος
367 779 423 866 τήν
444 783 534 866 ίκτην
556 778 649 866 ὥραν
674 781 774 858 είναι,
804 779 841 845 ἐν
862 775 883 870 ή
904 775 1102 864 προσηλάθη
1129 777 1173 863 τῷ
1202 772 1299 861 ξύλῳ.
1346 771 1424 836 Τδν
1495 753 1496 818 ί

258 886 323 974 γάρ
344 885 465 953 τέλειον
487 891 560 952 νοῦ
566 909 603 966 ν,
634 887 847 972 ἐπιστάμενον
876 886 932 952 τόν
961 889 1024 950 τῶν
1045 887 1081 962 ἓξ
1103 882 1251 971 δριθμδν
1272 879 1424 963 δύναμιν

259 993 415 1081 ποιήσεως
441 999 496 1060 καὶ
516 992 755 1082 α’ναγεννήσεως
784 993 912 1077 ἔχοντα,
946 995 1134 1080 φανερῶσαι
1158 1000 1223 1066 τοϊς
1251 985 1334 1063 υίοῐς
1356 992 1422 1052 τοῦ
1496 969 1497 1010 ³

260 1101 366 1186 φωτός
399 1103 478 1189 [τήν]
512 1102 568 1168 διδ
597 1107 653 1168 τοῦ
682 1105 839 1189 φανέντος
867 1101 1023 1187 ἐπισήμου
1053 1101 1124 1188 [είς]
1153 1099 1210 1186 τήν
1241 1097 1284 1163 δι’
1310 1094 1420 1162 αότυῦ

221 1208 485 1295 έοέπιγενομένην
521 1207 738 1296 άναγέννησιν.
786 1209 904 1274 Ἔνθεν
938 1211 993 1272 καὶ
1025 1209 1064 1272 τότ
1093 1206 1195 1273 διπλᾶ
1220 1203 1412 1293 γράμματαή
1497 1183 1498 1202 ¹

258 1314 314 1379 τδν
336 1314 482 1401 άριθμδν
509 1315 666 1404 ἐπίσημον
692 1317 776 1399 ἔχειν
797 1319 912 1404 φησίν·
946 1313 964 1379 ό
993 1314 1054 1400 γάρ
1083 1314 1236 1400 ἐπίσημος
1266 1311 1420 1395 α’ριθμὸς

261 1427 489 1512 συχκερασθελς
519 1434 584 1500 τοῖς
608 1425 853 1512 εἰκοσιτέσσαρα
882 1425 1042 1506 στοιχείοις
1070 1423 1106 1488 τδ
1135 1419 1416 1510 τριακονταχράμ-

258 1552 361 1615 ματον
383 1532 488 1616 ὄνομα
509 1529 686 1598 ἀπετέλεσε.

347 1639 398 1707 48.
444 1641 599 1726 Κέχρηται
621 1638 658 1704 δέ
681 1638 821 1726 διακόνῳ
843 1639 887 1728 τῷ
908 1642 971 1704 τείν
993 1635 1072 1703 ἑπτά
1097 1635 1251 1723 α’ριθμῶν
1270 1637 1415 1720 μεγέθει,

220 1749 314 1814 calva
347 1748 401 1831 τῆς
435 1745 668 1833 αδτοβουλήτου
701 1746 844 1834 [βουλής]
885 1747 1067 1838 φανερωθῇ
1100 1743 1118 1809 δ
1152 1744 1283 1831 καρπός.
1343 1743 1417 1808 Τὸν

257 1854 365 1936 μέντοι
396 1851 551 1939 έπίσημον
585 1854 641 1919 ἐπί
673 1856 729 1918 τοῦ
758 1855 936 1940 παρόντος,
968 1857 1062 1941 φησί,
1092 1851 1147 1917 τόν
1175 1851 1229 1916 ἐπὶ
1255 1854 1310 1916 τοῦ
1337 1850 1415 1915 ἐπι-

257 1960 357 2046 σήμου
389 1963 610 2047 μορφωθέντα
647 1959 781 2048 νόησον,
815 1962 870 2026 τδν
902 1959 1008 2047 ὥσπερ
1039 1961 1234 2047 μερισθέντα
1266 1961 1321 2022 καί
1346 1958 1414 2035 ε’ξω

256 2071 426 2151 μείναντα,
456 2067 493 2143 ὃς
513 2070 551 2159 τῇ
573 2065 672 2133 αδτοῦ
692 2067 828 2152 δυνάμει
849 2091 881 2133 τε
901 2072 957 2132 καί
986 2069 1137 2155 φρονήσει
1167 2065 1222 2131 διά
1250 2069 1303 2152 τής
1331 2064 1414 2130 ἑαυ-

256 2178 312 2238 τοῦ
339 2175 502 2262 προβολῆς
524 2179 635 2240 τοῦτον
662 2178 718 2240 τδν
750 2176 819 2264 [τήν
848 2174 941 2262 ζωήν]
964 2179 1027 2240 τείν
1054 2174 1134 2240 ἐπτοὶ
1164 2173 1334 2258 δυνάμεων
1354 2195 1414 2256 μι-

219 2281 348 2367 τομήσει
368 2287 421 2368 τής
442 2280 670 2367 έπταδυνάμου
693 2281 859 2367 δυνάμεως
880 2281 1031 2370 ἐψόχωσε
1055 2281 1192 2365 κόσμον,
1221 2285 1277 2345 καί
1298 2281 1412 2369 ψυχήν

263 285 328 354 318
377 287 496 372 (pato.
512 287 596 371 ττι.)
695 291 790 354 nunu
813 295 858 363 vl,
882 297 933 354 ιτ.
956 295 1009 352 ιε.

258 2450 323 2511 Καὶ
343 2447 400 2533 τήν
421 2447 609 2529 οἰκονομίαν
630 2446 667 2511 δέ
687 2447 724 2512 ἐν
745 2450 782 2538 τῇ
804 2449 874 2535 ἐκτη
904 2447 967 2510 τῶν
997 2443 1142 2532 ήμεροίν,
1171 2443 1237 2532 ήπς
1255 2443 1319 2509 ἐστὶ
1340 2465 1411 2508 πα-

256 2554 410 2641 ρασκευή,
432 2556 488 2618 τδν
509 2555 641 2636 ἔσχατον
671 2555 854 2639 ἄνθρωπον
882 2554 928 2628 είς
956 2551 1167 2640 α’ναχέννησιν
1197 2557 1253 2618 τοῦ
1280 2553 1410 2637 προίωυ

255 2659 438 2748 δνθράπου
458 2665 655 2748 πεφηνέναι,
687 2658 725 2748 ής
747 2663 931 2745 οἰκονομίας
954 2659 1055 2746 δρχήν
1084 2664 1139 2724 καί
1165 2660 1254 2737 τέλος
1275 2663 1330 2724 καί
1351 2660 1409 2745 τήν

254 2773 344 2856 έκτην
366 2769 465 2854 ω’ραν,
487 2769 525 2836 ἐν
545 2766 567 2860 ή
587 2769 785 2856 προσηλοίθη
806 2773 850 2857 τῷ
870 2766 967 2856 ξύλῳ.
1014 2771 1083 2832 Τόν
1101 2768 1164 2852 γάρ
1178 2767 1298 2832 τέλειον
1314 2770 1407 2845 νοῦν,

255 2877 466 2962 ἐπιστάμενον
487 2876 543 2942 τόν
563 2883 627 2942 τῶν
654 2880 690 2955 ἐξ
716 2875 863 2961 ἀριθμόν
886 2874 1026 2958 δύναμιν
1047 2874 1204 2960 ποιήσεως
1235 2879 1289 2939 καὶ
1321 2872 1409 2939 δνα-

253 2984 428 3071 γεννήσεως
449 2983 579 3068 ἔχοντα,
602 2989 791 3071 φανεράσω
811 2994 876 3059 τοϊς
896 2979 979 3058 υίοτς
999 2986 1054 3047 τοῦ
1076 2985 1182 3068 φωτδς
1202 2982 1259 3069 τήν
1279 2980 1321 3046 δι’
1343 2981 1408 3047 αδ-

253 3095 309 3155 τοῦ
331 3095 488 3176 φανέντος
509 3090 665 3178 ἐπισήμου
686 3091 732 3167 είς
754 3090 853 3155 αὐτόν
875 3089 915 3154 δι’
937 3087 1036 3154 αὐτοῦ
1059 3089 1120 3175 (είς
1141 3087 1240 3155 αότδν
1256 3089 1408 3177 οίριθμδν

255 3198 332 3264 cod.
340 3201 425 3284 reg.)
437 3201 610 3284 γενομένην
625 3196 846 3283 άναγέννησιν.
874 3198 993 3262 Ἔνθεν
1004 3200 1060 3260 καὶ
1071 3197 1110 3260 τά
1121 3195 1223 3262 διπλά
1234 3198 1407 3284 γράμματα

254 3303 309 3370 τδν
332 3303 478 3391 α’ριθμδν
499 3304 655 3392 ἐπίσημον
681 3305 764 3386 ἔχειν
795 3307 910 3392 φησίν·
944 3303 962 3368 ό
991 3305 1053 3388 γάρ
1081 3304 1234 3390 ἐπίσημος
1262 3303 1408 3391 άριθμδς

254 3415 448 3497 συχκραθεὶς
468 3422 533 3487 τοῖς
553 3411 798 3499 είκοσιτέσσαρσι
819 3413 981 3493 στοιχείοις
1001 3410 1035 3475 ιδ
1050 3413 1406 3499 τριακονταγράμματον

253 3519 358 3602 ὄνομα
379 3518 556 3585 ἀπετέλεσε.
600 3523 755 3607 Κέχρηται
777 3519 813 3584 δὲ
835 3519 976 3606 διακόνῳ
998 3523 1041 3606 τῷ
1061 3523 1126 3584 τείν
1146 3519 1227 3584 ἑπτά
1249 3519 1405 3605 ἀριθμῶν

251 3629 395 3712 μεγέθει,
418 3625 462 3702 άς
483 3645 581 3713 φησιν
595 3626 615 3714 ή
631 3626 773 3716 Μάρκου
796 3629 894 3713 σιγή,
917 3633 973 3692 ἵνα
993 3631 1046 3713 τῆς
1070 3626 1303 3715 αδτοβουλήτου
1324 3631 1404 3711 βου-

251 3733 308 3820 λής
330 3739 510 3825 φανερωθῇ
526 3733 543 3799 ό
561 3736 694 3822 καρπός.
741 3735 809 3802 Τδν
828 3737 936 3819 μέντοι
957 3733 1113 3820 ἐπίσημον
1133 3739 1244 3800 τοῦτον
1257 3735 1403 3822 δριθμδν

251 3841 305 3906 ἐπί
325 3847 381 3906 τοῦ
410 3843 586 3930 παρόντος,
620 3847 714 3929 φησί,
748 3843 804 3908 τὸν
836 3843 891 3908 ἐπὶ
911 3846 967 3906 τοῦ
997 3840 1155 3928 ἐπισήμου
1181 3845 1402 3930 μορφωθέντα

250 3949 376 4036 νόησον,
398 3949 453 4014 τόν
475 3950 580 4037 οἵσπερ
608 3953 802 4038 μερισθέντα
829 3955 850 4036 ἢ
875 3949 1125 4036 διχοτομηθέντα
1156 3955 1210 4014 καὶ
1239 3951 1300 4029 ἔξω
1332 3955 1402 4034 μεί-

250 4077 361 4134 ναντα,
385 4057 421 4132 δς
441 4062 478 4148 τῇ
500 4057 615 4123 ἑαυτοῦ
637 4056 773 4141 δυνάμει
794 4081 826 4122 τε
847 4061 902 4121 καὶ
916 4058 1068 4144 φρονήσει
1084 4057 1140 4123 διά
1161 4063 1214 4146 τής
1228 4057 1288 4124 ἄπ’
1300 4057 1400 4124 αδτοῠ

250 4165 411 4253 προβολῆς
431 4168 542 4230 τοῦτον
560 4165 617 4230 τδν
636 4170 700 4230 τῶν
720 4164 801 4232 ἐπιδ
821 4164 994 4250 δυνάμεων
1015 4168 1069 4229 καί
1091 4167 1188 4250 (κατά
1212 4169 1288 4233 Cod.
1311 4169 1398 4252 reg.)

249 4277 381 4360 μίμησιν
401 4277 455 4359 τῆς
470 4271 651 4356 ἑβδομάδος
681 4271 849 4356 δυνάμεως
879 4271 1031 4360 έψτίχωσε
1059 4274 1179 4356 κόσμον
1206 4278 1261 4338 καί
1290 4275 1399 4362 ψυχήν

324 4465 367 4521 54.
387 4463 554 4537 παρασκευή,
571 4455 630 4539 {C
721 4465 766 4520 57.
786 4467 830 4523 58.
849 4465 987 4539 ἀριθμεῖν,
1005 4467 1124 4542 δύναμιν
1140 4468 1248 4536 ποιήσαι
1268 4469 1315 4524 καί
1333 4468 1398 4525 δια·
