3056 4970
591 277 695 340 statori
717 277 842 338 nudus
1229 277 1292 340 255

146 449 277 525 propter
299 443 536 524 insuperabilem
560 443 793 526 pulcritudinem
816 462 912 508 auam.
956 443 1045 508 Unde
1069 446 1159 508 etism
1182 439 1293 510 Troia-

149 568 222 614 num
245 550 358 614 ballum
380 569 437 633 per
458 550 539 615 illam
570 551 734 616 condatum
762 557 818 616 ast.
874 550 907 614 ln
938 551 1055 616 Helena
1087 551 1183 634 enim,
1213 571 1294 634 quae

148 657 203 721 illo
234 675 314 721 aevo
346 665 495 739 generata
524 665 604 742 erat,
637 657 814 722 inhabitavit
844 657 923 721 baec
948 657 1150 740 intelligentia
1182 666 1212 720 et
1242 660 1332 742 ita,sn

150 781 220 828 eum
243 782 351 829 ornnes
373 771 543 846 potestates
565 764 646 828 illam
668 767 727 829 sibi
748 771 948 848 arrogarent,
980 764 1132 829 discordia
1163 771 1194 826 et
1222 765 1293 828 bel-

150 871 213 934 lum
246 878 387 935 exortum
416 873 522 936 estin
551 872 786 954 quibuscunque
815 873 956 954 apparuit
982 871 1111 953 populis.
1155 870 1189 934 ln
1211 870 1294 936 hunc

152 986 238 1042 certe
262 979 382 1042 modurn
404 977 629 1064 Stesichorum,
653 980 704 1060 qui
726 997 782 1060 per
804 979 938 1042 carmina
963 978 1192 1042 dilaceravisset
1214 996 1293 1062 eam,

152 1084 251 1148 oculis
280 1092 400 1167 captum
427 1102 513 1169 esse,
542 1103 649 1148 rursus
670 1093 771 1149 autern
794 1086 982 1167 poenitentia
1005 1091 1189 1148 commotum
1211 1086 1293 1150 scri-

151 1191 211 1273 ptis
232 1191 404 1275 palinodia,
427 1193 457 1255 in
481 1192 591 1273 qubus
613 1191 781 1255 celebravit
802 1192 892 1276 illam,
916 1193 1013 1255 visum
1035 1192 1202 1274 recepisse.
1239 1191 1331 1264 ln-ss
1371 1193 1382 1206 '

151 1305 346 1378 corporatam
369 1305 469 1361 autern
494 1298 532 1361 ab
555 1298 673 1381 angelis
697 1304 728 1361 et
749 1298 877 1362 inlernis
906 1297 1125 1381 potestatibus,
1155 1315 1234 1380 quaa
1264 1305 1295 1360 et

154 1402 315 1485 mundum,
337 1405 451 1488 inquit,
475 1405 614 1471 fabricati
636 1411 723 1484 sunt,
753 1412 862 1487 postea
885 1407 916 1468 in
948 1403 1065 1468 fornica
1095 1405 1186 1487 Tyri,
1216 1403 1294 1466 urbe

153 1507 347 1593 Phoenicius,
369 1511 552 1593 prostitisse,
576 1528 666 1591 quam
690 1510 742 1573 ubi
767 1509 926 1574 descendit
948 1512 1089 1592 repperit.
1134 1509 1182 1573 nd
1205 1510 1294 1574 buius

154 1615 235 1677 euim
268 1618 412 1697 imprimis
443 1617 711 1700 investigationem
740 1615 814 1680 dixit
836 1616 1009 1699 advenisse,
1032 1623 1066 1679 ut
1087 1615 1232 1678 liberaret
1252 1617 1294 1679 il-

153 1721 214 1786 lam
245 1723 284 1786 de
313 1723 459 1804 vinculis,
493 1742 583 1805 quam
614 1725 646 1786 in
667 1724 836 1787 libertatem
860 1729 1008 1786 assertam
1032 1740 1137 1786 secum
1160 1723 1332 1797 circum-en

152 1829 264 1910 agebat
287 1829 393 1892 dicens
416 1831 494 1894 banc
517 1847 589 1894 esse
615 1830 804 1913 deperditam
827 1849 933 1913 ovem,
956 1836 1179 1919 semetautem
1201 1837 1294 1913 potc-

154 1941 263 1998 statem
288 1953 359 2000 esse
382 1953 461 2016 quae
484 1955 577 2018 supra
601 1938 703 2000 omnia
724 1940 771 2000 sit.
820 1935 952 2000 Mendax
975 1943 1075 2000 autern
1097 1937 1166 2021 ille,
1190 1953 1294 2000 amore

151 2050 258 2123 captus
282 2042 479 2106 mulierculae
502 2045 604 2126 istius,
636 2043 775 2107 Helenae
798 2045 940 2126 numine,
971 2053 1081 2107 emtam
1109 2043 1242 2109 babebat
1264 2050 1295 2108 et

152 2157 324 2214 commotus
347 2149 468 2230 pudore
490 2149 706 2232 discipulorum
732 2150 811 2214 banc
828 2150 959 2214 tabulam
977 2151 1135 2215 confinxit.
1171 2151 1216 2216 llli
1233 2170 1294 2215 an-

150 2265 212 2320 tem
244 2273 352 2320 rursus
382 2258 549 2321 imitatores
579 2257 822 2339 praestigiatoris
853 2264 884 2320 et
913 2258 1043 2321 Simonis
1072 2259 1190 2322 scilicet
1211 2260 1329 2340 magias

152 2361 225 2426 iacti
248 2364 388 2445 aequalia
412 2371 519 2446 agunt,
548 2364 630 2427 nullo
654 2363 828 2428 discrimine
850 2363 969 2426 aientes
993 2372 1139 2445 oportere
1161 2365 1293 2448 misceri,

151 2469 199 2534 bis
226 2471 275 2532 usi
302 2470 426 2533 uerbis:
460 2471 559 2534 omnis
588 2477 672 2536 terra
700 2476 799 2551 terra,
832 2487 892 2533 nec
913 2469 1015 2533 differt
1035 2469 1087 2535 ubi
1110 2473 1178 2552 quis
1200 2478 1293 2556 serat,

151 2577 244 2642 modo
268 2584 365 2660 serat,
387 2595 493 2646 uerum
518 2579 607 2641 etism
630 2593 703 2640 sese
726 2575 833 2640 beatos
853 2575 1032 2659 praedicant
1053 2585 1179 2659 propter
1202 2594 1292 2640 com-

149 2701 272 2772 munem
305 2683 484 2748 mixtionem
513 2682 594 2747 banc
626 2682 763 2747 dicentes
792 2699 862 2746 esse
891 2681 1059 2763 perlectam
1082 2700 1211 2765 agapen.
1256 2683 1294 2744 Et

148 2789 241 2855 illud:
280 2789 409 2854 Sanetus
438 2797 612 2854 sanctorum
635 2832 802 2855 ......
824 2788 1071 2854 sanctificabitur.
1115 2789 1185 2854 Non
1211 2791 1330 2856 enimn

149 2897 249 2962 teneri
272 2914 344 2961 sese
367 2899 446 2962 malo
471 2898 583 2981 aliquo,
606 2895 688 2978 quod
711 2895 804 2978 uulgo
828 2895 976 2959 babeatur
997 2913 1054 2976 pro
1078 2896 1173 2976 malo,
1197 2913 1293 2958 exso-

151 3005 203 3068 luti
228 3005 308 3068 esim
332 3010 412 3068 sunt.
456 3005 603 3068 Helenam
627 3010 728 3068 autern
751 3003 803 3064 ubi
826 3002 957 3067 exsolvit
978 3003 1019 3065 ita
1043 3000 1215 3066 huminibus
1238 3019 1295 3065 sa-

149 3112 242 3176 lutern
266 3112 407 3194 praebuit
428 3130 485 3193 per
513 3130 597 3175 suam
627 3111 795 3174 scientium.
844 3109 921 3172 blale
953 3111 1031 3172 enim
1055 3109 1295 3172 administranti-

151 3219 207 3282 bus
238 3219 357 3301 angclis
386 3219 529 3282 muudum
559 3224 686 3301 propter
718 3219 890 3300 cupidinem
914 3215 1080 3298 imperandi
1104 3214 1142 3277 ad
1165 3233 1295 3298 repara-

151 3327 265 3391 tionem
288 3333 386 3389 semct
409 3325 571 3390 advenisse
596 3327 671 3388 dixit
692 3325 937 3409 transfiguratum
965 3329 995 3396 ct
1016 3322 1211 3399 assimilatum
1234 3324 1332 3394 im-ss

149 3434 244 3514 periis
267 3441 298 3498 et
319 3434 524 3516 potestatibus
548 3439 582 3496 et
600 3430 737 3515 angelis,
768 3437 801 3494 ut
829 3438 860 3493 et
889 3428 981 3492 bomo
1004 3435 1184 3510 appareret,
1225 3448 1292 3492 cum

148 3556 212 3604 non
238 3545 323 3603 esset
343 3541 436 3604 bomo
460 3547 492 3603 et
513 3540 575 3621 pati
596 3539 628 3600 in
650 3535 762 3601 ludaea
797 3535 879 3599 visus
912 3535 951 3599 sit
981 3551 1043 3598 uon
1073 3553 1204 3618 passus,
1236 3535 1293 3599 sed

146 3740 265 3794 Nasam.
291 3737 466 3808 Quapropter
485 3745 514 3791 et
530 3739 620 3808 ipsum
638 3736 757 3798 senisse,
776 3733 816 3790 ati
834 3732 1067 3788 eam'assumeret
1083 3733 1197 3804 primam
1212 3743 1240 3788 et
1252 3734 1292 3788 li-

147 3830 258 3886 berarst
275 3847 335 3886 earu
354 3829 519 3894 avinculis,
545 3827 701 3884 hominibus
725 3835 815 3905 autem
834 3825 950 3880 salutem
969 3833 1121 3895 praestaret
1146 3842 1197 3896 per
1215 3841 1292 3880 suam

146 3921 322 3992 agnitionem.
360 3918 428 3976 Cum
451 3920 525 3976 euim
548 3920 620 3975 male
644 3919 852 3974 moderarentur
876 3916 967 3986 angeli
990 3914 1133 3980 mundum,
1164 3918 1293 3990 quomam

148 4013 338 4087 unusquisque
356 4029 452 4068 eorum
469 4012 680 4084 concupisceret
706 4010 904 4082 principatum,⁸
929 4006 975 4062 ad'
992 4007 1211 4064 emendationem
1241 4026 1294 4064 ra-

148 4106 223 4160 niase
242 4121 343 4169 rerum,
370 4114 400 4160 et
417 4105 594 4160 descendisse
613 4120 676 4158 cusu
695 4101 917 4172 transfiguratum
938 4111 965 4155 et
984 4100 1162 4154 assimilatum
1180 4100 1294 4154 virtuti-

148 4197 200 4250 bus
220 4205 249 4251 et
265 4197 448 4268 potestatibus
468 4206 497 4251 et
515 4195 637 4267 angelis:
665 4205 696 4249 ut
710 4204 740 4250 st
757 4195 785 4248 iu
805 4193 962 4248 hominibus
976 4192 1057 4248 bomo
1070 4201 1216 4262 appareret
1224 4191 1292 4262 ipsa,

150 4299 213 4342 cum
231 4305 288 4342 non
308 4297 383 4344 esset
401 4287 499 4354 bomo,
524 4297 553 4342 et
580 4303 689 4358 passum
712 4294 803 4340 autem
822 4286 850 4339 in
870 4283 970 4339 iudaea
989 4293 1127 4355 putatum,
1156 4299 1217 4334 cum
1237 4300 1291 4335 non

151 4388 227 4435 mast
245 4395 353 4452 paasua.
378 4377 420 4436 Cl.
432 4381 514 4436 etiaua
526 4376 695 4434 Theodorou.
715 4377 761 4433 tt.
784 4377 835 4441 t.1
927 4377 973 4430 92.
992 4375 1039 4429 aet
1055 4369 1292 4438 dadoaaaluaacbl
