3056 4970
639 301 858 364 vacuatione.
1250 303 1313 368 263

174 483 294 551 narare,
318 467 367 550 ait,
389 465 558 547 perfectum
582 486 756 552 nnmerum,
778 478 811 536 at
832 473 864 534 in
883 467 1123 552 intelligibilibus
1137 469 1310 556 monadem,

174 573 470 640 denariumdocent
492 572 553 638 boo
578 575 682 644 modo.
736 577 768 642 Si
794 579 861 659 quis
890 577 1040 658 incipiens
1072 594 1234 640 numerare
1263 577 1312 641 di-

173 683 229 748 cit:
260 701 352 746 maara
374 690 404 746 et
427 681 510 748 addit
532 684 610 762 deo,
633 692 695 749 tum
719 687 833 768 pariter
855 686 932 767 trio,
957 689 1047 748 erunt
1069 681 1145 746 baec
1166 701 1240 766 eeu,
1270 683 1309 748 ad

171 786 249 854 baec
276 795 378 854 autem
402 789 492 854 etiem
514 799 667 880 pacm,
693 793 752 857 erit
782 793 893 874 parlier
921 797 1017 856 toturn
1047 791 1159 852 decem.
1214 790 1309 854 Unum

172 895 263 979 enim,
285 895 355 973 duo,
377 896 448 973 trio,
471 905 614 978 quattuor
634 898 710 962 bunt
731 900 844 980 decem,
874 899 926 979 qni
949 903 996 960 est
1016 895 1173 978 perlectus
1196 903 1345 962 nume-re

170 1016 233 1064 rus.
277 999 345 1083 Sic,
373 1001 432 1083 ait,
464 1005 641 1084 peremnia
665 1005 795 1069 imitatas
819 1010 867 1067 est
888 1003 1102 1084 quaternarius
1125 1002 1306 1086 intelligibi-

168 1104 229 1170 lem
253 1106 425 1190 monadem,
449 1109 618 1190 perlectum
641 1128 799 1174 numerum
822 1128 977 1194 generare
998 1109 1160 1172 valentem.

155 1215 159 1226 '
256 1209 307 1276 24.
352 1212 420 1278 Duo
443 1213 536 1298 igitur
558 1216 727 1280 secundum
752 1216 955 1300 Pythagoram
978 1221 1050 1279 sunt
1076 1211 1198 1296 mundi,
1229 1211 1305 1276 alter
1419 1293 1424 1298 .

167 1315 375 1402 intelligibilis,
398 1321 449 1401 qui
471 1321 635 1386 monadem
657 1322 750 1387 babet
771 1324 969 1406 principium,
1000 1321 1077 1385 alter
1104 1326 1203 1384 autern
1227 1335 1304 1382 sen-

167 1422 276 1506 sibilis,
300 1423 389 1489 baius
411 1409 512 1499 autem
527 1434 573 1491 est
589 1431 802 1510 quaternarius
818 1428 936 1494 babens
948 1431 1022 1510 iota,
1039 1445 1130 1490 unam
1143 1423 1302 1509 virgulam,
1312 1437 1342 1486 eo

168 1549 327 1600 nnmerum
356 1531 544 1613 perieotnm3
582 1541 614 1596 et
648 1541 697 1598 est
727 1535 896 1602 secundum
926 1535 1138 1619 Pythagoreos
1171 1540 1186 1593 ι·
1219 1530 1302 1616 illud,

167 1654 247 1719 quae
269 1643 317 1700 est
338 1655 398 1702 uua
421 1638 555 1724 virgula,
578 1640 675 1722 prima
698 1647 729 1706 et
750 1644 915 1725 praecipua
938 1648 970 1706 et
991 1639 1224 1726 intelligibilium
1248 1656 1303 1702 es-

165 1742 265 1805 sentia
281 1788 1304 1814 .................................

164 1848 336 1914 acoidcutia
356 1850 542 1933 incorporea
553 1870 673 1934 novem,
696 1872 775 1935 quae
792 1871 932 1920 seorsum
951 1855 988 1918 ab
1006 1853 1139 1919 essentia
1156 1869 1228 1916 esse
1241 1869 1303 1914 ne·

165 1962 294 2037 quecun,
317 1957 408 2037 ponlc
431 1963 462 2020 et
483 1967 626 2040 gemtum
650 1967 682 2022 et
702 1961 745 2024 od
765 1962 840 2044 quid
860 1969 892 2024 et
905 1961 959 2024 adi
976 1967 1008 2024 et
1028 1961 1150 2042 quoodo
1169 1960 1340 2026 ctaitomes

164 2079 232 2124 eree
262 2067 293 2124 et
318 2061 432 2129 babere
454 2071 486 2128 et
506 2083 602 2148 opere
625 2071 656 2129 et
674 2069 751 2147 poti.
796 2067 872 2132 Sunt
902 2067 994 2149 igitur
1019 2082 1131 2128 novem
1153 2065 1302 2128 acciden-

163 2170 218 2251 tia,
247 2185 329 2249 qnae
359 2171 515 2235 essentiae
545 2171 744 2236 adnumerata
772 2173 930 2236 continent
949 2171 1121 2254 perlectum
1144 2189 1302 2235 numerum

162 2273 332 2340 denarium.
376 2276 571 2360 Quapropter
592 2278 690 2344 diviso
715 2277 876 2358 universo,
905 2283 938 2340 ut
960 2277 1107 2360 diximus,
1131 2280 1163 2341 in
1187 2278 1302 2342 intelli-

161 2383 285 2463 gibilem
309 2389 341 2447 et
361 2382 540 2448 sensibilem
563 2381 707 2448 mnndum
730 2382 878 2446 babemus
900 2383 992 2446 etiam
1009 2401 1067 2448 nos
1090 2384 1127 2449 ab
1149 2385 1298 2468 intelligi-

160 2490 214 2554 bili
235 2488 398 2573 rationem,
420 2495 453 2552 ut
474 2489 595 2553 ratione
616 2486 848 2574 intelligibilium
870 2497 901 2552 et
923 2490 1178 2572 incorporeorum
1203 2497 1234 2552 et
1248 2491 1338 2556 oi-ao

159 2597 299 2660 vinorum
323 2593 537 2676 adspeclamns
559 2598 733 2681 essentiam,
757 2613 866 2660 sensus
885 2603 996 2681 autem,
1018 2597 1124 2680 inquit,
1146 2596 1295 2660 babemus

161 2705 315 2786 quinque:
339 2701 502 2787 olfactum,
525 2703 638 2784 visum,
661 2701 814 2787 auditam,
835 2710 956 2786 gustum
980 2709 1011 2768 et
1033 2709 1144 2766 tactum
1156 2751 1165 2784 ,
1188 2701 1299 2782 quibus

159 2811 192 2874 in
214 2807 403 2874 sensibilium
424 2809 619 2889 pervenimus
644 2808 875 2890 cognitionem
911 2817 943 2872 et
964 2811 1006 2872 ita
1029 2808 1143 2871 divisus
1167 2813 1223 2890 est,
1246 2807 1298 2870 in-

160 2918 233 2999 quit,
255 2914 407 2978 sensibilis
431 2914 469 2977 ab
490 2913 673 2998 intelligibili
695 2915 819 2979 mundo.
863 2915 901 2980 llt
922 2915 1038 2980 babere
1060 2931 1119 2978 nos
1141 2912 1297 2996 cognitio-

159 3023 206 3086 nis
228 3024 459 3085 inetrnmentum
482 3017 520 3083 ad
543 3021 691 3084 utrumvis
713 3037 819 3086 eorum
841 3020 913 3086 bino
942 3021 1154 3104 perspicimus.
1206 3018 1333 3103 Nibil,tt

159 3127 220 3209 ait,
251 3124 484 3208 intelligibilium
513 3126 544 3188 in
575 3125 785 3208 cognitionem
817 3137 953 3192 nostram
984 3127 1098 3193 cadere
1118 3132 1220 3209 potest
1241 3144 1297 3207 per

158 3249 300 3310 sensum;
326 3226 413 3294 illud'
429 3229 510 3294 enim
541 3249 643 3313 neque
674 3232 781 3298 oculus
809 3234 951 3318 adspexit
973 3252 1075 3317 neque
1099 3235 1182 3298 auris
1204 3231 1296 3296 audi-

158 3341 200 3404 vit
222 3356 324 3420 neque
345 3337 494 3420 percepit,
516 3338 566 3422 ait,
588 3338 777 3421 reliquorum
800 3359 944 3406 sensuum
967 3341 1102 3422 quilibet.
1145 3338 1296 3402 Necrur-

158 3465 210 3514 ear
240 3445 361 3510 ratione
390 3443 430 3509 ad
459 3445 669 3527 cognitionem
698 3449 908 3531 cuiuscunque
931 3446 1119 3513 sensibilium
1141 3445 1294 3527 perveniri
1327 3515 1333 3526 ,

157 3562 275 3640 potest,
305 3552 362 3618 sed
391 3557 515 3633 oportet
540 3552 648 3618 videre
671 3553 783 3635 aliquid
807 3554 908 3618 album
932 3571 1002 3618 esse
1024 3560 1055 3618 et
1074 3558 1202 3636 gustare
1225 3568 1316 3616 esses

157 3659 247 3723 dulce
269 3663 302 3722 et
330 3673 479 3722 sonorum
508 3676 578 3724 esse
607 3665 658 3723 aut
683 3661 862 3724 insonorum
890 3657 993 3723 auditu
1022 3677 1234 3743 cognoscere,
1265 3665 1296 3722 et

156 3773 256 3830 atrurn
279 3762 353 3846 quid
376 3763 505 3828 odorum
528 3767 567 3830 sit
581 3765 768 3830 suaveolens
792 3783 830 3828 ao
853 3766 990 3850 insuere,
1007 3766 1137 3829 ollactus
1153 3771 1208 3846 est,
1231 3781 1294 3826 non

155 3873 291 3938 rationis.
335 3868 421 3934 Idem
441 3868 524 3935 cadit
543 3871 575 3940 in
597 3877 718 3936 tactum.
753 3872 868 3936 Durum
891 3873 972 3936 anim
996 3877 1048 3936 out
1070 3877 1221 3954 tenerum,
1243 3869 1294 3932 vel

154 4109 156 4116 ¹
225 4048 270 4105 97.
280 4046 395 4119 saiada]
408 4045 422 4114 ri
435 4043 639 4119 mvltoeperua
716 4048 760 4104 98.
768 4049 960 4123 λαμβανομένη
967 4050 986 4122 ·]
998 4049 1202 4122 λαμβανομένη·
1218 4039 1236 4123 ᾖ
1249 4045 1293 4102 Me

152 4141 361 4216 λαμβανομένη·
378 4138 426 4195 arai
443 4135 589 4212 Roaparne
660 4139 739 4211 γένη
751 4135 897 4213 sziye'rp
917 4136 982 4195 Cbr.
1001 4139 1137 4196 Petersen
1218 4141 1246 4192 2.
1265 4139 1291 4192 3.

152 4229 308 4307 drfiodnipr
326 4231 601 4306 cuvoprdpaoaipeeroi:
619 4232 660 4292 οἱς
677 4232 915 4304 σνναριθμονμέη
932 4209 1149 4305 ἔχενᾞοοροῐιιι
1266 4232 1291 4284 6.

153 4321 371 4397 ἱπνπνεόωμενῦ
485 4324 511 4377 9.
538 4320 552 4375 ὃ
577 4321 710 4394 αἰσθητὸς]
735 4322 858 4390 αἰσθητὸς
882 4319 905 4378 C
1022 4325 1064 4379 16.
1088 4324 1130 4378 17.
1154 4319 1251 4393 ᾠδικόν
1277 4320 1291 4388 ἣ

153 4414 426 4489 superadmolum
449 4412 464 4481 ἢ
489 4412 584 4468 ἄδικον
607 4409 630 4468 G
654 4407 685 4469 Μ
