3002 4958
611 291 805 352 wimbis.-

145 461 148 468 ’
174 451 355 532 hortarique
376 451 544 518 tenebrosa
566 457 635 520 sinu
658 464 761 520 terrae
785 465 916 542 vastae,-

173 560 276 640 Atque
298 559 411 642 Amor,
434 562 486 641 qui
501 561 730 644 pulcherrimus
752 564 785 628 in
808 565 1028 630 immortalibus
1051 565 1125 646 diis,

173 667 296 730 Levana
320 685 410 730 curas
434 670 630 752 omniumque
653 670 780 735 deorum
805 673 1001 756 omniumque
1025 674 1210 756 mortalium,
1284 692 1314 741 oo

174 771 285 834 Domat
307 771 337 834 in
361 773 541 854 pectoribus
566 784 699 842 mentem
722 786 754 842 et
776 779 912 862 prudens
936 781 1107 845 consilium.

171 879 218 942 Ex
239 879 327 943 Chao
351 887 452 944 autem
475 891 508 947 et
529 883 649 948 Erehus
674 894 705 950 et
726 892 791 950 atre
813 887 883 952 Nox
906 881 1080 954 extiterunt.

170 985 216 1050 Ex
237 985 339 1051 Nocte
369 994 473 1054 eutem
493 1007 599 1056 nrrsrus
617 999 648 1056 et
668 995 735 1058 Adr
756 1003 788 1058 et
808 993 883 1060 Dies
907 995 989 1062 eneti
1011 999 1091 1060 sunt.

169 1095 274 1158 Tellus
297 1103 399 1159 autem
422 1098 551 1178 primum
573 1101 695 1182 peperit
717 1119 774 1183 par
795 1101 918 1166 sibimet
939 1103 997 1184 ipsi

170 1203 297 1268 Caelum
319 1204 488 1289 stellatum,
511 1214 545 1270 ut
567 1225 602 1272 se
626 1209 865 1291 circumquaque
888 1209 1072 1294 obtegeret,
1281 1235 1310 1282 rt

170 1311 208 1372 Ut
230 1319 317 1375 esset
340 1312 438 1376 beatis
462 1313 518 1378 diis
539 1314 633 1378 sedes
657 1316 779 1380 immota
804 1333 936 1397 semper.

169 1415 291 1500 Peperit
314 1425 415 1482 autem
438 1427 559 1485 montes
582 1439 712 1506 magnos
735 1421 862 1486 dearum
885 1420 1019 1484 iucunda
1042 1419 1154 1483 cubitia

169 1523 395 1611 Nympharum,
418 1545 499 1610 quae
521 1527 658 1593 habitent
681 1547 736 1612 per
759 1535 879 1594 montes
903 1527 1120 1614 confragosos.
1155 1545 1158 1556 ·

173 1631 334 1697 Praeterea
359 1643 392 1698 et
414 1633 519 1698 sterile
541 1635 627 1700 hiare
649 1640 771 1720 peperit
792 1641 880 1701 aestu
900 1635 1025 1700 fervens

172 1739 297 1805 Pontum
319 1743 387 1806 sine
411 1759 517 1806 amore
539 1743 690 1826 iucundo,
713 1762 817 1808 verum
841 1753 951 1826 postea

176 1845 267 1910 creto
287 1849 390 1913 iuncta
414 1851 535 1932 peperit
557 1849 713 1916 Oceanum
736 1849 922 1933 protundum

170 1953 351 2038 Coeumque
375 1964 406 2019 et
428 1955 528 2022 crium
550 1959 820 2044 Hyperionemque
841 1959 1040 2041 Iapetumque

169 2061 338 2146 'Phiamque
361 2061 540 2149 Rheamque
564 2067 753 2151 Pheminque
776 2065 1070 2150 Mnemosynnrnque

165 2170 383 2254 Phoebumque
404 2191 499 2238 aurea
520 2175 624 2240 taenia
646 2173 827 2260 Tethynque
850 2173 1025 2258 amabilem,

165 2277 239 2342 Post
261 2275 319 2342 hos
343 2285 444 2343 autem
466 2299 627 2362 supremus
650 2291 740 2347 nutus
763 2291 811 2347 est
833 2283 980 2349 Saturnus
1003 2277 1108 2358 vater,
1276 2289 1305 2340 to

166 2385 390 2450 Ferocisrinms
411 2385 557 2471 tiliorum,
580 2396 722 2474 vegetum
745 2399 846 2454 eutem
871 2389 981 2455 oderat
1001 2393 1171 2471 parantem.
1312 2379 1315 2387 '

165 2492 288 2575 Peperit
306 2500 406 2557 autern
427 2511 534 2560 rursus
557 2493 708 2579 Cyclopes
730 2506 848 2562 trucem
872 2499 1003 2562 animum
1027 2499 1182 2578 gerentes.

121 2599 160 2662 Et
180 2600 319 2683 reliquos
343 2618 451 2665 omnes
474 2619 491 2666 a
514 2603 647 2666 Saturno
670 2611 829 2669 enumerat
851 2603 1009 2688 Gigantes.
1064 2599 1138 2664 Post
1165 2605 1264 2662 autem

120 2706 286 2788 aliquando
309 2725 349 2771 ex
371 2707 455 2776 Rhea
478 2717 582 2776 natum
605 2729 675 2776 esse
698 2711 819 2776 Jovem.

208 2813 244 2878 tu
265 2815 360 2896 igitur
382 2833 490 2880 omnes
523 2815 563 2880 de
595 2818 731 2882 universi
760 2823 792 2881 et
814 2821 922 2879 natura
951 2819 983 2876 et
1005 2813 1146 2898 genitura
1176 2810 1302 2894 hecquo

120 2923 201 2986 sicut
223 2925 438 3009 exposuimus,
465 2943 506 2988 ex
530 2924 669 2988 doctrina
688 2941 744 2988 sua
766 2927 948 2990 statuerunt.
1001 2919 1141 2984 Universi
1162 2923 1262 2982 autem

120 3029 263 3113 depressi
283 3028 363 3092 inira
386 3028 436 3113 id,
459 3031 541 3114 quod
568 3031 701 3095 divinum
725 3039 790 3115 est,
820 3030 860 3093 de
883 3036 1055 3092 creatarum
1078 3044 1181 3091 rerum
1203 3042 1263 3090 na-

120 3143 187 3200 tura
211 3138 446 3221 quaesiverunt,
484 3138 683 3202 excedentias
714 3133 818 3200 mundi
850 3133 1005 3218 admirati,
1040 3133 1152 3215 quippe
1186 3151 1262 3216 quas

117 3262 174 3326 pro
199 3243 302 3307 divino
324 3245 449 3307 numine
471 3245 661 3328 acciperent,
696 3261 763 3306 cum
793 3241 870 3306 alius
900 3238 988 3304 ahiam
1017 3248 1134 3322 partem
1158 3240 1260 3305 mundi

117 3350 317 3432 anteferrent,
341 3351 432 3416 deum
456 3359 556 3417 autem
576 3351 687 3418 horum
711 3351 844 3415 omnium
869 3356 899 3413 et
917 3347 1057 3431 opificem
1070 3347 1258 3431 ignorarent.
1270 3357 1302 3408 et

204 3561 300 3647 igitur
331 3580 453 3648 eorum,
493 3563 598 3646 quiin
629 3563 756 3630 Graecis
783 3559 988 3644 philosophati
1016 3565 1101 3642 sont,
1133 3557 1258 3623 decreta

119 3670 240 3735 abunde
265 3673 405 3754 exposita
427 3689 500 3737 esse
524 3671 673 3756 arbitror,
698 3689 715 3736 a
739 3667 992 3754 quihusprotecti
1008 3666 1155 3732 haeretici
1179 3655 1266 3748 quae·

116 3779 207 3861 paulo
231 3785 301 3862 post
323 3778 463 3844 dicentur
485 3781 627 3864 aggressi
649 3782 729 3843 sunt.
775 3775 876 3839 Ptncet
897 3781 997 3838 autern
1022 3774 1107 3857 prius
1129 3774 1258 3855 exposi-

119 3885 157 3951 tis
184 3888 321 3970 mysticis
358 3889 447 3950 etiam
463 3903 686 3968 quaecunque
714 3899 849 3964 operose
878 3879 918 3944 de
946 3881 1040 3946 stettis
1075 3880 1198 3962 quidam
1228 3885 1256 3942 et

113 3995 222 4076 spatiis
244 3995 409 4059 commenti
431 4001 502 4058 sunt
523 3993 639 4058 dicere.
684 3991 801 4056 Etenim
825 4007 867 4053 en
888 3988 947 4052 ittis
963 3987 1095 4070 proiecti
1109 3985 1293 4052 hoereucitt

112 4265 163 4320 ὅσα
182 4263 269 4320 Codd.
389 4264 434 4321 70.
457 4269 610 4340 Νυμφάων
628 4263 652 4320 Β
671 4261 711 4319 Οι
731 4263 876 4338 Νυμφάων
893 4261 916 4318 h
1022 4259 1066 4316 78.
1086 4262 1156 4316 etur
1173 4255 1253 4325 vulgo

105 4359 191 4414 ‘mter
208 4359 289 4428 vulgo
386 4361 430 4412 77.
450 4359 589 4432 rirpdrcror
609 4355 711 4414 codd:
738 4357 877 4419 ὁπλότατος
894 4353 1034 4410 Hesiodus
1099 4347 1254 4422 ἀγκυλομή-

110 4471 148 4513 πς
174 4451 257 4521 reigo

949 4545 969 4608 t
