3050 4988
404 273 649 388 vntnttlttttttttl.
693 325 882 386 secuntus.
913 324 1108 382 solutiones.
1261 317 1324 386 293

177 505 279 562 autom
302 517 342 561 ex
364 504 439 562 ebro
462 497 621 583 evehitur,
643 496 702 560 boc
725 502 773 559 est
795 494 974 580 demiurgus
998 513 1015 558 e
1038 493 1162 578 spiritu,
1191 493 1242 574 qni
1265 511 1326 555 ex-

177 613 222 668 tra
242 605 377 687 pleroma
395 611 458 684 est;
481 611 536 668 abr
559 611 658 667 autern
682 623 721 667 ex
744 601 871 667 eetbore
891 601 1039 686 evehitur,
1063 599 1122 664 boo
1140 606 1186 665 est
1203 597 1325 683 Sophia,

177 729 257 792 quac
280 717 327 775 est
350 717 455 797 extra,
479 730 519 772 ex
541 710 610 793 ille,
633 728 714 792 quae
738 716 786 772 est
807 709 886 772 intro
911 709 1102 791 immicum,
1134 716 1227 772 etex
1251 707 1364 769 uni-to

176 836 268 884 verso
290 818 479 901 pleromate;
503 835 542 879 ex
567 816 660 900 bytho
683 823 786 880 nutem
809 814 927 880 fructus
958 823 1136 897 naseuntur,
1166 833 1245 896 quae
1277 822 1325 877 ost

175 941 215 987 ex
232 925 321 988 Patre
338 924 437 988 omnis
461 941 594 987 aeonum
617 923 786 1007 progenies
809 922 899 986 iectu.
946 923 1032 997 Quae
1054 925 1147 1006 igitur
1160 920 1323 986 Valentino

175 1031 356 1112 placuerunt
378 1033 451 1096 setis
475 1033 612 1112 exposita
637 1036 708 1094 sunt
742 1077 978 1096 ........
1010 1048 1139 1112 quorum
1163 1030 1214 1095 elii
1236 1030 1324 1093 oliter

175 1135 445 1200 conformaverunt
468 1138 575 1221 placita
601 1157 666 1202 sue.

261 1241 313 1306 38.
359 1243 520 1308 Secundus
553 1245 697 1329 quidam,
726 1244 777 1326 qui
805 1244 943 1325 aequalis
972 1243 1029 1307 luit
1058 1243 1250 1326 Ptolemaeo,
1281 1243 1362 1310 itate

176 1347 264 1412 dicit:
287 1347 438 1413 tetradem
462 1366 533 1412 esse
557 1348 695 1413 dextram
726 1357 757 1411 et
786 1349 937 1413 tetradem
960 1351 1130 1430 sinistram,
1163 1356 1194 1412 et
1220 1348 1323 1412 lumen

174 1460 205 1518 et
229 1453 393 1537 tenebras,
416 1461 447 1519 et
470 1461 653 1538 potestatem
677 1474 770 1540 vero,
793 1474 873 1537 quoe
897 1457 1037 1520 discessit
1059 1463 1091 1518 et
1113 1454 1236 1537 deiecit,
1260 1471 1323 1519 non

175 1580 192 1626 a
215 1563 338 1645 triginta
362 1563 419 1626 illis
443 1564 592 1627 aeonibus
616 1562 689 1627 dicit
720 1569 815 1628 ortam
848 1581 940 1648 esse,
970 1563 1025 1626 sed
1050 1581 1066 1626 e
1091 1562 1239 1626 fructibus
1263 1579 1324 1626 co-

173 1686 251 1734 rum.
295 1668 383 1732 Alius
405 1675 507 1733 antem
531 1669 663 1754 quidam,
690 1670 888 1756 Epiphanes,
912 1671 1058 1755 magister
1081 1688 1188 1734 eorum
1210 1670 1252 1732 ita
1271 1669 1322 1732 di-

173 1774 227 1838 cit:
250 1773 323 1839 Erat
345 1777 473 1858 primum
497 1777 677 1858 principium
699 1778 1008 1859 incomprehensibile
1032 1786 1125 1859 atquc
1157 1780 1359 1841 inenarra-co

173 1883 235 1946 bilo
267 1891 297 1946 et
331 1883 564 1966 innominabile,
603 1884 687 1968 quod
723 1885 882 1949 blonotete
919 1891 1027 1968 vocat,
1064 1904 1131 1949 cum
1165 1884 1225 1947 bac
1262 1902 1321 1948 eu-

172 1998 233 2053 tern
265 2009 325 2055 una
357 1993 493 2056 existere
524 1998 725 2076 potestatem,
759 2011 849 2074 quam
890 2000 981 2058 vocat
1014 1993 1178 2057 llenoteta.
1232 1992 1317 2054 llaec

172 2098 311 2162 llenotes
344 2106 375 2163 ct
407 2098 487 2164 baec
520 2099 664 2164 blonotes
695 2118 757 2164 non
781 2100 974 2184 proliciendo
997 2120 1038 2163 ex
1060 2119 1095 2163 se
1119 2100 1321 2183 proiecerunt

172 2203 352 2285 principium
391 2223 495 2268 rerum
539 2205 673 2269 omnium
715 2205 905 2288 intelligibile
950 2213 980 2268 et
1019 2205 1253 2287 non-genitum
1289 2212 1320 2266 et

173 2306 337 2389 invisibile,
369 2306 452 2389 quod
485 2309 615 2372 blonoda
651 2309 800 2391 appellat;
838 2327 906 2372 curn
941 2306 999 2372 bac
1029 2315 1131 2371 autern
1166 2313 1356 2391 potestatem

257 2463 336 2528 luen.
368 2484 394 2528 c.
417 2466 503 2530 boor.
534 2466 557 2550 l,
583 2465 631 2548 ll,
654 2466 684 2529 2.
731 2466 893 2533 Secundus
917 2473 1018 2528 cutem
1041 2467 1168 2547 primurn
1192 2463 1318 2548 ogdoa-

173 2567 241 2630 dern
265 2570 310 2632 sic
333 2571 458 2634 tradidit
480 2570 601 2635 dicens:
626 2572 897 2646 Quaternationom
921 2587 992 2633 esse
1021 2569 1161 2633 dextram
1186 2577 1215 2630 et
1238 2586 1318 2649 qua-

171 2675 376 2738 ternationem
407 2675 560 2740 sinistram
585 2683 617 2740 ot
638 2676 742 2740 lumen
778 2683 809 2740 et
842 2675 1006 2756 tenebras,
1041 2682 1073 2738 et
1108 2671 1317 2736 discedentem

171 2784 273 2842 autem
309 2785 340 2840 et
373 2779 545 2844 destitutam
578 2782 719 2845 virtutem
753 2799 817 2846 non
850 2800 867 2844 a
903 2780 1026 2862 trigintn
1057 2775 1208 2842 aeonibus
1246 2775 1320 2840 dicit

171 2881 285 2964 luisse,
307 2880 364 2946 sed
387 2900 404 2944 a
425 2882 573 2948 fructibus
598 2902 716 2949 eorum.

255 2985 286 3052 3.
331 2987 418 3054 Alius
440 3008 517 3055 vero
541 2989 683 3075 quidam,
716 2991 767 3073 qui
799 2995 830 3052 et
863 2987 964 3052 clerus
993 2995 1041 3053 est
1063 2988 1210 3071 magister
1231 2987 1320 3068 ipso-

169 3109 250 3174 rum,
273 3091 304 3156 in
327 3093 425 3158 maius
448 3093 577 3158 sublime
600 3101 631 3158 et
653 3096 741 3178 quasi
763 3094 793 3157 in
818 3095 964 3158 maiorem
990 3095 1179 3178 agnitionem
1204 3098 1336 3168 exten-¹

169 3213 232 3280 sus,
261 3197 389 3278 primaru
413 3201 681 3280 quaternationem
707 3198 782 3262 dixit
803 3199 865 3262 sic:
889 3197 945 3262 Est
966 3197 1090 3281 quidem
1115 3205 1186 3262 ente
1210 3215 1319 3262 ornnes

168 3298 324 3364 Proarche
346 3309 601 3383 pronoennobtos
624 3311 656 3366 et
677 3302 892 3366 inenarrabilis
915 3312 945 3366 et
966 3301 1203 3384 innominabilis,
1227 3321 1317 3382 quam

170 3421 232 3485 cgo
255 3403 444 3469 blonotetern
467 3423 564 3485 voco;
596 3424 664 3471 curn
688 3406 747 3470 bac
769 3406 929 3471 blonotete
959 3413 1008 3470 est
1030 3407 1143 3490 virtus,
1173 3425 1262 3488 quarn
1286 3415 1318 3470 et

168 3509 265 3590 ipsam
296 3528 375 3574 voco
405 3510 597 3574 llenotetem.
650 3511 734 3574 llaec
761 3511 897 3574 llenotes
927 3517 957 3572 et
984 3511 1128 3575 blonotes
1160 3530 1227 3576 curn
1257 3512 1317 3574 sint

169 3633 277 3694 unuin,
314 3617 500 3703 emiserunt,
538 3635 607 3682 cum
641 3617 715 3682 nibil
752 3619 923 3704 emiserint,
963 3619 1142 3701 principium
1182 3620 1317 3682 omniurn

169 3727 288 3784 nodtou
312 3726 343 3783 et
366 3729 543 3804 agenneton
567 3728 598 3784 et
621 3729 768 3806 aoraton,
800 3740 889 3803 quem
912 3721 1035 3786 arobem
1062 3740 1164 3786 serrno
1187 3723 1315 3788 blonadn

168 3875 255 3947 polpti
275 3885 303 3930 et
322 3885 415 3931 nostra
431 3879 559 3932 versione
579 3879 766 3950 apposuimus.
804 3875 847 3932 Gi.
867 3879 949 3934 aliam
968 3875 1045 3934 Tert.
1065 3883 1121 3934 cdo.
1146 3882 1319 3938 Valentiniana.

168 3984 194 4020 c.
214 3964 258 4020 38.
279 3974 307 4020 el
326 3963 494 4022 Theodorei.
524 3969 603 4022 anr.
620 3969 676 4036 [ci.
700 3965 721 4032 l,
740 3967 768 4024 8.
891 3967 936 4022 95.
962 3967 1124 4042 γενόμενος·
1151 3959 1226 4031 οὗτος
1248 3971 1318 4041 λέγει

169 4051 239 4110 CM
354 4056 400 4112 98.
430 4073 490 4128 sqq.
528 4052 570 4110 Cf.
596 4052 779 4111 eliom·Terl.
799 4056 818 4112 Ι.
830 4056 849 4110 l.
869 4073 894 4112 o.
913 4057 958 4111 27.
1092 4059 1136 4114 98.
1158 4057 1316 4130 Ἑπιφάνης]

167 4143 299 4215 ἐπιφανὴς
316 4141 339 4199 G
357 4143 386 4200 lt
502 4147 546 4199 99.
566 4143 722 4212 ἄννενόητος
742 4143 763 4201 C
874 4145 899 4200 1.
919 4145 1031 4218 ἄρρητός
1048 4165 1073 4202 τε
1089 4144 1146 4223 καὶ]
1167 4147 1274 4220 ciprum
1287 4147 1316 4202 dl

168 4230 256 4288 rciC
371 4233 562 4307 ἀνωνόμαστος
580 4231 602 4289 C
622 4231 651 4290 Μ
760 4231 792 4302 ἦν
808 4234 942 4308 pacro‘rcrc
967 4232 988 4289 G
1089 4238 1115 4293 3.
1140 4235 1208 4308 ἥτε]
1227 4231 1316 4292 elreC

166 4324 193 4380 4.
206 4322 308 4393 νοητὴν]
322 4321 422 4390 νοητῶν
433 4319 488 4378 CM
561 4320 716 4395 memore
788 4320 820 4390 ἣν
835 4322 920 4396 ἀρχὴν
933 4322 947 4378 ὃ
958 4323 1039 4397 λόγος
1049 4323 1314 4398 μονάδαΕῃίρΙηη.,

166 4429 285 4486 qnocurn
304 4413 443 4469 consentit
461 4421 540 4470 retus
557 4413 694 4485 interpres
707 4411 779 4467 lrcn.
793 4409 906 4468 etTert.
921 4413 941 4468 l.
955 4413 992 4468 l.:
1011 4413 1084 4485 quod
1097 4429 1188 4467 sermo
1196 4412 1315 4469 Monada

48 4519 52 4526 ·
166 4502 285 4560 vocarit.
377 4503 403 4558 b.
429 4502 575 4576 bpecosicsop
601 4503 676 4579 crispi]
701 4503 857 4580 dpscosicsos·
885 4499 948 4570 αὕτη
968 4499 990 4557 C
1008 4501 1037 4558 bl
1138 4503 1164 4558 b.
1185 4497 1246 4572 6.ἦ
1279 4537 1315 4551 -
