3056 4970
593 306 697 368 sttton
719 309 845 368 NAGUS.
1229 303 1293 368 243

148 485 245 534 sexus
267 472 316 554 sit,
339 470 474 554 desuper
497 472 658 555 adspicere
682 480 712 534 et
734 491 837 536 euram
860 489 972 554 gerere
995 475 1155 556 comparis,
1178 479 1290 538 terrant
1304 490 1333 538 oo

151 582 252 639 antem
275 577 417 660 recipere
445 579 524 643 intro
555 582 605 661 qui
638 599 655 644 a
684 578 771 644 eaelo
799 576 967 643 rationales
991 576 1168 641 deterantur
1190 585 1292 644 terroe

151 689 303 764 cognatos
326 682 453 748 innotos.
498 685 583 750 Hane
606 686 644 749 ab
668 704 807 770 oausam,
836 686 949 768 inquit,
974 683 1157 763 despectans
1179 703 1294 767 saepe-

152 805 280 853 numero
303 788 394 873 logos
416 789 455 853 ad
478 809 525 875 ea,
549 809 631 873 quae
653 799 822 856 nascuntur
843 810 883 854 ex
905 797 1008 854 monte
1031 799 1062 853 et
1083 791 1295 874 intelligentia,

151 893 213 957 hoo
234 901 282 958 est
304 913 345 959 ex
367 895 454 960 oaeio
478 904 510 960 et
531 906 624 982 terra,
648 897 740 962 nteit:
772 896 883 963 Antdte
912 899 993 961 eneti
1019 905 1050 960 et
1072 899 1200 960 aonides
1217 919 1295 979 per-

151 1003 221 1082 cipe
237 1009 332 1080 teano²
355 1006 499 1085 paoniem
518 1007 655 1068 dominas
677 1007 794 1070 bontas
814 1015 881 1069 est:
902 1005 997 1068 iiiios
1015 1004 1162 1085 peneraet'
1184 1013 1215 1066 et
1232 1020 1332 1068 eo-oo

152 1110 269 1188 ottoni,
292 1111 352 1192 ipsi
374 1119 475 1174 meum
498 1099 681 1194 spreverant
700 1131 758 1175 nte.
808 1111 866 1187 Qui
897 1117 997 1174 antem
1021 1109 1101 1173 haec
1125 1110 1216 1192 dioit,
1246 1112 1295 1191 ait,

152 1217 280 1295 'septima
303 1224 437 1297 potestas
458 1225 524 1299 est,
546 1220 573 1283 is
596 1218 648 1301 qui
671 1225 746 1302 stat,
775 1220 871 1301 stetit,
901 1218 1009 1295 stabit3
1043 1217 1110 1298 ipse
1132 1217 1212 1280 enim
1236 1234 1295 1279 au-

154 1329 222 1384 otor
244 1322 352 1386 henim
374 1325 533 1406 bonorum,
555 1342 638 1406 quoe
659 1324 793 1388 laudavit
813 1324 919 1388 Moses
942 1331 974 1388 et
996 1323 1070 1386 dixit
1092 1321 1182 1386 valde
1204 1321 1295 1385 tona.

152 1426 342 1491 vexantem
366 1436 397 1492 et
419 1447 532 1494 nomen
553 1430 599 1494 sot
623 1437 654 1496 et
674 1431 756 1496 luno.
800 1432 1002 1496 Ratiocinatio
1014 1437 1125 1494 autem
1150 1436 1182 1493 et
1203 1431 1296 1512 copi·

154 1535 227 1598 tatio
251 1540 305 1598 adr
330 1543 361 1598 et
382 1552 471 1616 aqua.
517 1536 550 1599 ia
574 1536 620 1602 his
644 1545 747 1602 antem
769 1539 910 1602 omnibus
932 1539 1067 1602 immixta
1081 1544 1112 1600 et
1128 1543 1333 1627 temperataoo

154 1647 211 1724 est,
235 1645 268 1702 ut
291 1639 364 1724 dixi,
387 1659 497 1723 magna
520 1641 573 1706 illa
595 1649 734 1725 potestas
756 1644 882 1726 infinito,
904 1650 998 1708 stone.

241 1742 291 1810 tt.
337 1747 412 1810 Cum
431 1748 535 1812 ttoses
557 1752 650 1830 igitur
673 1750 798 1813 dixerit:
818 1751 885 1814 See
906 1748 1014 1813 ἀίεὺω
1035 1751 1068 1812 in
1089 1749 1198 1830 paidos
1220 1749 1295 1810 dens

151 1852 229 1931 [soit
256 1855 375 1918 eostam
403 1864 436 1918 et
465 1864 579 1921 ursom
609 1866 641 1920 et
667 1860 795 1940 septimo
824 1858 875 1921 die
905 1841 1127 1939 repoieeit'od
1157 1855 1296 1918 omnibns

152 1960 297 2040 operidsa
317 1964 399 2040 aeis,
423 1979 461 2026 eo
484 1980 545 2043 quo
568 1962 700 2028 diximus
722 1963 813 2028 tnodo
836 1962 915 2026 isaeo
936 1963 1041 2028 Simon
1064 1962 1152 2026 aliter
1168 1960 1296 2042 dispen-

153 2064 251 2130 sando
283 2073 381 2130 semet
409 2066 540 2132 deificat.
590 2069 721 2144 Quando
752 2071 845 2153 igitur
871 2069 975 2134 dieunt
1003 2067 1202 2152 (Simoniani)
1233 2075 1334 2132 tresdo

154 2188 226 2236 esse
249 2170 315 2235 dies
337 2179 409 2236 ante
431 2173 528 2238 solem
550 2182 582 2238 et
603 2177 704 2240 lunam
726 2183 826 2261 natos,
840 2177 1011 2266 ¹indigitant
1034 2181 1165 2240 mentem
1193 2181 1223 2237 et
1244 2177 1296 2236 in-

153 2277 362 2362 telligentiam,
386 2278 446 2344 hoo
469 2287 518 2344 est
538 2281 656 2344 caetum
681 2290 712 2346 et
734 2289 858 2365 tenram,
880 2288 912 2346 et
933 2283 1091 2364 septimam
1113 2287 1296 2362 potestatem

153 2384 298 2450 infinitam
321 2385 411 2449 illam.
456 2385 522 2450 itae
545 2389 626 2452 enim
638 2397 700 2452 tres
712 2394 881 2471 potestates
897 2395 969 2453 sunt
986 2395 1057 2452 ante
1074 2388 1208 2468 reliquas
1224 2404 1294 2451 om·

154 2507 211 2554 nes
234 2499 335 2555 natae.
387 2493 517 2566 Quando
546 2501 646 2558 antem
675 2495 797 2559 dieunt:
826 2495 905 2560 Ante
925 2497 1029 2558 omnio
1049 2496 1176 2557 sueonia
1196 2513 1294 2574 pene·

153 2605 206 2662 rot
222 2617 281 2675 me,
305 2597 345 2662 de
366 2601 504 2682 septima,
526 2602 632 2685 inquit,
654 2609 807 2684 potestate
830 2600 907 2666 haeo
929 2601 1070 2665 dicuntur
1085 2601 1201 2664 valere.
1235 2600 1334 2668 Se-eo

25 2691 28 2709 '
154 2703 245 2784 ptimo
268 2711 368 2767 autem
390 2704 469 2769 haee
491 2713 650 2788 potestas,
682 2725 763 2789 quoe
786 2715 853 2772 erat
874 2715 1011 2791 potestas
1034 2709 1169 2770 existens
1191 2708 1223 2768 in
1244 2707 1297 2768 in-

153 2809 235 2872 tinita
265 2809 316 2874 ilia
344 2809 520 2896 potestate,
553 2833 635 2896 quae
664 2816 785 2896 quidem
813 2815 913 2879 extitit
944 2820 1017 2878 sote
1038 2813 1139 2877 omnia
1162 2811 1296 2894 saecuta,

154 2914 241 2999 haeo,
265 2919 371 3000 inquit,
394 2926 442 2982 est
463 2920 592 3001 septima
614 2919 666 2984 itta
688 2927 836 3004 potestas,
859 2919 898 2983 de
921 2937 981 3001 qua
1005 2918 1077 2982 dicit
1098 2919 1224 2982 tiosos:
1258 2917 1299 2980 ttt

153 3024 280 3103 spiainta
301 3025 352 3086 dei
371 3023 533 3103 ferebatur
553 3045 646 3108 saper
668 3045 775 3108 equos,
798 3024 859 3090 hoo
883 3032 939 3108 est,
962 3025 1068 3108 inquit,
1091 3024 1214 3106 spiritns
1237 3022 1298 3086 ha-

155 3126 232 3194 bens
252 3131 284 3193 in
305 3148 342 3195 se
364 3131 474 3214 onnia,
497 3133 600 3214 imago
623 3132 760 3198 infinitae
782 3132 861 3196 iltius
889 3133 1066 3215 potestatis,
1094 3129 1134 3194 de
1161 3148 1221 3212 qua
1248 3129 1335 3195 Si-to

154 3253 226 3298 tnon
256 3235 342 3300 dioit:
378 3238 486 3318 Imopo
507 3257 550 3300 eo
570 3241 750 3320 incompto
769 3247 887 3323 sm,
918 3241 987 3302 soto
1015 3239 1164 3301 ordinans
1184 3237 1297 3300 omnia.

155 3340 239 3406 Haeo
262 3343 342 3405 enim
365 3349 516 3424 potestas,
547 3362 628 3425 qnae
654 3345 751 3408 tenter
777 3362 870 3426 super
899 3362 1008 3427 aquas,
1041 3362 1080 3407 ex
1111 3345 1297 3424 incorrupto,

155 3447 261 3531 inquit,
285 3455 354 3511 nata
376 3447 474 3512 sonna
497 3450 564 3512 sota
588 3450 710 3514 ordinat
732 3453 844 3517 omnio.
893 3449 968 3514 Cum
991 3451 1084 3532 igitur
1106 3449 1174 3512 talis
1197 3465 1299 3528 qnae·

157 3553 227 3618 dant
258 3560 290 3618 et
319 3553 485 3618 oonsintilis
517 3554 632 3619 fabrine
663 3555 767 3620 tnnndi
796 3555 853 3620 titis
885 3557 1039 3638 extiterit,
1066 3555 1169 3639 tinnit,
1191 3555 1298 3637 inquit,

157 3659 233 3726 dous
259 3661 412 3726 hominem
435 3662 507 3726 limo
531 3670 650 3744 sumpto
674 3662 714 3726 de
736 3669 836 3742 terra,
860 3662 946 3724 finxit
969 3671 1070 3726 autem
1093 3679 1157 3724 non
1179 3659 1337 3742 simpli-eo

157 3785 223 3830 oeno
254 3767 311 3830 sed
342 3766 492 3848 dupiioena
516 3768 555 3833 ad
578 3769 743 3850 imaginem
766 3775 798 3830 et
819 3766 1053 3858 similitudinem.
1107 3764 1211 3847 imago
1240 3785 1299 3830 oo-

156 3880 217 3935 tem
240 3879 287 3938 est
310 3873 434 3954 spiritus
456 3877 509 3955 qui
531 3873 629 3938 fertur
651 3893 746 3957 snper
769 3889 878 3954 aquas,
911 3873 962 3953 qui
986 3872 1037 3934 ubi
1062 3888 1122 3933 non
1146 3871 1300 3956 effigiatus

156 3980 226 4062 erit,
265 3997 335 4042 oum
364 3979 479 4043 mondo
515 3979 644 4064 peribit,
684 3999 753 4043 oum
787 3983 942 4061 potestate
974 3983 1089 4063 tpntum
1120 3985 1240 4041 maneat
1270 3985 1300 4040 et

156 4115 195 4178 ὦν
214 4127 325 4192 ἐποίησε,
344 4125 409 4182 coit.
434 4121 541 4178 otios.
561 4125 611 4190 20,
632 4124 662 4178 tt
692 4123 738 4178 Ἐν
764 4119 818 4214 γάρ
844 4125 871 4185 ’ἐξ
891 4123 1001 4198 ἡμέραις
1024 4127 1126 4192 ἐποίησε
1147 4126 1239 4197 κύριος
1256 4125 1301 4179 τὸν

158 4195 277 4268 οὐρανὸν
294 4199 340 4252 καὶ
356 4199 401 4264 τὴν
420 4198 469 4269 γῆν
487 4196 533 4249 καὶ
550 4195 595 4261 τὴν
612 4195 753 4250 θάλασσαν
770 4215 816 4249 και
834 4196 919 4250 πάντα
937 4196 967 4249 τὰ
987 4199 1015 4249 ἐν
1035 4197 1138 4260 αὐτοῖς,
1164 4197 1210 4249 καὶ
1228 4198 1300 4250 xast-

158 4284 243 4322 nnoos
268 4269 298 4344 tp
322 4269 407 4343 ἡμέρᾳ
430 4269 460 4342 τῇ
484 4266 639 4392 ἱβδοζιιὲᾰωο
669 4337 678 4390 Ι
713 4267 757 4322 73.
777 4269 822 4322 74.
847 4265 922 4321 Fon.
948 4285 962 4320 e
985 4264 1134 4322 Proverbb.
1155 4265 1256 4320 Selom.
1274 4267 1300 4330 8,
1326 4301 1331 4315 .

160 4339 278 4393 eit-25.
393 4340 438 4393 77.
458 4339 502 4394 78.
531 4339 543 4390 1
719 4339 738 4390 2
852 4340 896 4392 79.
921 4339 949 4391 τὸ
966 4339 1051 4392 πάντα
1070 4338 1142 4410 ἔχον]
1165 4338 1199 4408 τῷ
1216 4337 1301 4390 πάντα

162 4413 232 4482 ipso
251 4405 273 4464 C
388 4410 506 4466 ee-et.
526 4405 568 4464 Cf.
586 4409 606 4462 2
622 4403 694 4462 Mes.
714 4410 741 4475 2,
759 4411 776 4463 7
795 4408 858 4463 coli.
881 4409 892 4464 t
911 4405 983 4463 Mos.
1006 4409 1029 4476 i,
1041 4411 1086 4464 26.
1098 4409 1155 4476 27„

907 4503 975 4568 lo·
