3050 4988
621 364 768 427 MARCUS.
1205 358 1268 424 337

120 565 211 626 vem3
233 545 312 609 haec
335 554 437 611 autem
459 545 678 630 complicantes
701 558 733 612 et
756 548 985 630 decuplicantes
1014 568 1174 612 numerum
1196 549 1269 613 eiii-

121 656 207 718 ciunt
228 656 534 736 nonagintanovem.
578 655 835 740 Quandoquidem
850 663 951 721 autem
968 655 1168 722 duodecimus
1187 676 1268 722 aeon

119 760 237 824 relictis
269 762 410 825 undecim
444 762 512 844 ipse
545 761 704 846 digressus
736 761 881 828 deorsum
915 764 1005 850 abiit,
1038 767 1122 830 aiunt
1151 779 1308 829 conse-no

121 874 252 950 quanter
275 875 306 931 et
327 867 398 932 hoc.
443 869 555 954 Figura
578 870 660 932 enirn
683 870 853 934 litterarum
877 871 985 948 docet;
1009 871 1172 936 undecimo
1188 873 1269 935 enirn

118 973 288 1038 litterarum
312 975 383 1038 ioco
406 977 538 1058 positam
561 995 631 1041 esse
653 977 786 1041 litteram
809 981 859 1061 A,
883 997 962 1060 quaa
985 998 1144 1044 numerum
1168 980 1270 1065 signi·

119 1081 192 1144 dicat
213 1081 357 1166 triginta,
380 1090 411 1146 et
432 1085 563 1165 positam
586 1102 658 1150 esse
681 1102 748 1147 eam
771 1084 940 1148 secundum
963 1085 1125 1170 imaginem
1140 1085 1270 1168 dispen-

121 1188 249 1251 sationis
269 1207 349 1271 quae
371 1207 507 1273 superne
531 1199 595 1276 est,
625 1194 769 1273 quoniam
793 1191 831 1255 ab
854 1191 952 1275 Alpina
975 1192 1078 1258 littera
1100 1193 1176 1256 citra
1199 1193 1270 1276 epi-

119 1313 237 1358 semum
259 1297 393 1377 ipsarum
412 1297 580 1362 litterarum
603 1315 748 1362 numerus
771 1315 870 1379 usque
894 1299 932 1364 ad
959 1301 997 1364 A
1016 1306 1207 1381 computatus
1230 1311 1308 1362 exto

122 1402 307 1466 adauctione
330 1402 499 1470 litterarum
521 1424 589 1468 curn
611 1404 680 1488 ipso
703 1407 739 1469 A
757 1407 927 1490 nonaginta
949 1424 1061 1471 novem
1093 1407 1186 1471 efficit
1208 1427 1270 1472 nu-

120 1527 249 1575 merum.
294 1508 426 1575 Lambda
450 1517 551 1576 autem
574 1511 738 1576 undecimo
760 1511 894 1594 positum
922 1512 995 1578 loco
1026 1512 1065 1578 ad
1096 1514 1269 1596 investiga-

122 1617 238 1680 tionem
261 1618 328 1681 eius
351 1617 403 1699 qui
436 1624 484 1681 εει
512 1617 559 1680 sui
589 1619 757 1684 consimilis
792 1618 1010 1704 descendisse,
1043 1623 1078 1681 ut
1111 1637 1269 1682 numerum

119 1723 262 1805 impleret
285 1724 508 1807 duodecimum,
532 1740 634 1805 eoque
656 1733 783 1807 reperto
808 1727 992 1810 completum
1016 1743 1107 1811 esse,
1130 1733 1268 1808 apertum

122 1847 194 1894 esse
217 1849 257 1894 ex
278 1833 343 1913 ipsa
366 1831 466 1914 figura
489 1830 643 1896 elementi.
674 1831 822 1898 ·Lambda
844 1835 926 1897 enim
947 1841 1093 1916 tanquam
1116 1833 1154 1898 ad
1178 1836 1307 1896 inve-uo

120 1939 318 2022 stigationem
342 1941 408 2004 eius
436 1937 489 2021 qui
520 1940 568 2002 sui
595 1939 763 2004 consimilis
797 1947 846 2004 est
874 1959 1035 2024 egressum
1067 1941 1119 2005 ubi
1152 1941 1268 2005 invenit

123 2052 155 2107 et
176 2047 336 2130 surripuit,
370 2045 546 2110 duodecimi
568 2045 705 2129 implevit
725 2044 828 2112 locum
852 2047 997 2112 elementi
1017 2049 1073 2132 M,
1103 2049 1268 2130 geminatis

119 2153 157 2216 A
175 2155 347 2235 compositi.
393 2153 491 2228 Quam
513 2155 608 2236 ipsam
639 2154 680 2218 oh
708 2173 830 2220 causam
853 2157 949 2238 ,etiam
976 2171 1048 2219 sese
1077 2153 1108 2240 (i.
1131 2173 1160 2222 e.
1182 2155 1269 2220 Mar-

120 2257 237 2344 cosios)
271 2259 417 2343 effugisse
440 2279 497 2342 per
532 2262 741 2345 cognitionem
773 2263 907 2345 numeri,
940 2261 992 2342 qui
1022 2267 1070 2326 εει
1101 2264 1269 2344 nonaginta

121 2383 250 2450 novem,
273 2365 398 2450 sedern,
423 2367 482 2432 hoc
515 2375 562 2432 est
595 2368 764 2452 deiectum,
795 2368 960 2450 imaginem
982 2369 1125 2434 sinistrae
1150 2387 1308 2452 munusue

119 2589 199 2653 ravit
219 2607 391 2655 nnmerum.
435 2589 474 2654 Et
496 2591 641 2672 quoniam
670 2589 873 2655 duodecimus
898 2609 979 2656 aeon
1010 2591 1162 2658 absistens
1192 2593 1269 2657 reli-

120 2698 186 2778 quit
206 2715 328 2764 sursum
352 2697 402 2782 xl,
425 2707 657 2781 consequenter
679 2699 785 2762 dicunt
806 2705 911 2782 typum
933 2698 1101 2764 litterarum
1123 2699 1269 2784 infigura

118 2804 196 2887 Logi
219 2805 349 2886 positum
373 2823 444 2868 esse
467 2807 671 2888 (undecimam
695 2807 776 2869 enim
799 2803 831 2868 in
853 2805 961 2869 litteris
988 2823 1060 2871 esse
1082 2811 1124 2892 A,
1148 2810 1200 2888 qui
1222 2814 1271 2874 est

118 2930 265 2977 numerus
286 2911 401 2998 XXX),
423 2920 453 2978 et
475 2915 644 2978 secundum
667 2914 831 2997 imaginem
854 2914 985 2995 positum
1007 2932 1078 2978 esse
1101 2914 1270 2997 superioris

118 3019 345 3104 dispositionis,
371 3021 514 3104 quoniam
538 3020 576 3085 ab
597 3019 697 3102 Alphe
720 3020 788 3083 sine
810 3019 949 3101 episemo
981 3019 1117 3103 ipsarum
1146 3022 1270 3086 littera-

116 3145 186 3190 rum
219 3145 365 3190 numerus
395 3146 495 3210 usque
525 3126 564 3192 ad
594 3130 630 3192 A
659 3126 846 3210 compositus
876 3129 1044 3192 secundum
1073 3135 1270 3213 augmentum

117 3235 287 3300 litterarum
306 3253 381 3298 curn¹
396 3235 465 3316 ipso
486 3235 524 3296 A
540 3232 594 3298 XC
618 3241 649 3297 et
670 3231 712 3297 lX
734 3233 808 3298 iacit
829 3252 999 3300 numerum.
1043 3235 1191 3310 Quoniam
1210 3256 1270 3302 au-

118 3349 180 3404 tem
201 3343 249 3426 A,
274 3360 354 3425 quae
377 3349 424 3405 est
446 3341 610 3406 undecimo
633 3339 706 3405 loco
728 3339 760 3404 in
783 3341 909 3426 ordine,
940 3342 980 3408 ad
1009 3343 1115 3408 similis
1137 3346 1185 3408 sni
1208 3344 1269 3408 de·

117 3447 239 3511 scendit
260 3450 506 3533 inquisitionem,
536 3457 569 3515 ut
590 3448 731 3530 impleret
750 3447 806 3514 XII
828 3466 1007 3532 numerum,
1030 3455 1062 3516 et
1084 3470 1152 3515 cum
1177 3452 1269 3516 inve-

117 3553 216 3617 nisset
238 3555 307 3619 eum
337 3553 500 3636 adimpleta
532 3561 597 3640 est,
620 3555 814 3620 manifestum
838 3573 910 3620 esse
932 3575 973 3620 en
995 3559 1061 3638 ipsa
1084 3557 1269 3642 figuratione

116 3659 246 3724 litterae.
290 3664 328 3724 A
347 3663 429 3725 enim
453 3662 540 3744 quasi
562 3663 602 3728 ad
632 3663 681 3726 sui
702 3662 808 3726 similis
837 3663 1069 3743 inquisitionem
1100 3664 1269 3728 adveniens

117 3774 147 3828 et
170 3768 330 3832 inveniens
354 3777 385 3833 et
408 3768 439 3832 in
461 3778 561 3834 semet
582 3771 707 3853 rapiens
729 3771 840 3854 ipsum,
872 3768 1087 3834 duodecimum
1118 3771 1269 3853 adimple-

116 3873 159 3936 vit
180 3872 299 3954 locum,
321 3875 367 3938 M
383 3875 483 3940 littera
510 3896 551 3940 ex
574 3876 695 3941 duobus
717 3877 858 3942 Lambdis
876 3879 946 3940 AA
957 3879 1155 3942 consistente.
1180 3878 1267 3953 Oua-

117 4167 173 4224 que
191 4151 292 4207 iatinuc
311 4151 414 4208 habent
433 4153 578 4226 depravata
598 4161 671 4208 sunt.
719 4149 821 4209 Bittius
841 4160 869 4208 et
887 4149 1044 4208 Mansuetus
1062 4159 1138 4208 recte
1157 4159 1271 4206 monent

115 4243 144 4297 in
162 4240 270 4299 irenaei
291 4245 383 4300 verbis
413 4245 476 4302 loco
500 4247 584 4320 λόγου
608 4245 829 4300 substituendam
857 4261 920 4301 esse
946 4245 1064 4301 litteram
1083 4253 1107 4299 A
1241 4245 1268 4297 9.

114 4335 162 4389 καὶ
177 4335 295 4415 κεῖσθαι]
313 4343 423 4394 κεῖσθαι
441 4337 478 4394 C:
497 4343 603 4394 κεῖσθαι
621 4338 649 4394 d'
670 4335 700 4392 M
818 4337 860 4393 tt.
878 4337 945 4394 κατὰ
964 4354 1008 4392 our
1028 4334 1051 4391 C
1070 4332 1101 4391 Μ
1226 4335 1268 4390 1³.

114 4427 254 4502 ἑνδεκάτῳ]
272 4432 302 4484 ἐν
318 4431 417 4504 δεκάτῳ
436 4430 458 4487 C
476 4429 506 4487 Μ
624 4432 667 4487 15.
685 4426 810 4503 adpciuC
929 4432 969 4487 16.
990 4422 1111 4500 idpduC
1230 4428 1271 4482 tt.

115 4521 163 4576 xci
180 4518 353 4594 droepncicnr]
374 4524 536 4598 drnpnricnr
552 4521 587 4578 G:
613 4519 776 4594 ἅναρπάσαν
793 4541 818 4578 ra
836 4519 865 4578 Μ

941 4622 982 4683 22
