3056 4970
595 311 699 370 stttott
720 311 848 373 aluus,
1225 308 1288 376 235

145 479 243 562 longe
273 479 386 544 absum
417 477 456 544 ab
486 478 531 544 ira
561 477 683 566 (dirim)
707 479 759 561 qui
789 479 860 544 talia
888 479 989 543 conati
1018 486 1102 565 suut,
1136 489 1170 545 ut
1197 482 1288 545 etiam

148 587 323 669 veriloquio
346 592 426 650 utar.
1187 573 1189 578 ’

236 691 266 759 7.
310 691 414 756 Placet
443 693 535 774 igitur
556 691 647 756 etiam
670 691 802 757 Simonis
824 693 1026 777 Gittenensis,
1060 695 1112 775 qui
1134 693 1220 760 ricus
1244 702 1291 759 est

150 799 317 880 Samariae,
340 817 421 862 nunc
436 815 595 880 exponere
608 797 728 883 placita,
745 819 762 864 a
781 815 842 880 quo
860 799 951 862 etiam
968 806 1139 865 sectatores
1158 801 1290 866 demon-

150 908 316 974 strabimus
331 908 422 971 initiis
435 907 562 989 sumptis
585 891 652 971 aliis
673 904 844 972 nominibus
861 905 1031 969 consimilia
1054 913 1184 971 conatos
1209 917 1329 972 essem

150 1015 207 1080 llic
236 1016 340 1081 Simon
370 1015 509 1097 magicae
539 1015 612 1078 artis
642 1015 759 1096 peritus
790 1017 821 1074 et
853 1013 962 1094 partim
991 1012 1103 1077 multos
1133 1012 1291 1094 decipiens

150 1119 369 1203 Thrasymedis
401 1127 484 1202 arte,
520 1121 675 1202 quomodo
702 1139 794 1203 supra
822 1123 1036 1204 exposuimus,
1070 1121 1292 1201 pertinatiam

151 1247 212 1310 ope
235 1227 418 1290 daemonum
442 1207 733 1290 mala‘machinatus
751 1225 897 1290 deificare
922 1233 1020 1290 semet
1040 1228 1176 1310 instituit,
1199 1227 1291 1290 bomo

152 1335 368 1416 praestigiator
390 1339 422 1396 et
445 1332 552 1414 plenus
574 1334 764 1417 ineptiarum,
788 1353 879 1416 quam
900 1336 932 1397 in
954 1334 1040 1397 Actis
1063 1333 1195 1415 apostoli
1211 1351 1292 1398 con-

151 1443 308 1523 vicerunt,
340 1457 401 1522 quo
433 1439 526 1504 multo
556 1439 724 1521 sapientius
758 1448 790 1503 et
819 1439 986 1504 modestius
1015 1440 1172 1522 Apsethus
1201 1441 1331 1523 Libysto

153 1549 377 1630 coucupiscens
399 1563 455 1628 pro
477 1547 537 1610 deo
563 1545 671 1611 baberi
693 1547 722 1609 in
746 1546 841 1628 libya
865 1565 1011 1629 agressus
1036 1554 1100 1630 est,
1131 1550 1217 1612 cuius
1243 1547 1294 1612 la-

152 1655 255 1720 bulam
279 1673 340 1718 uon
364 1653 527 1717 admodum
555 1653 633 1716 illam
658 1671 674 1716 a
702 1654 833 1719 Simonis
856 1655 925 1717 vani
946 1653 1025 1716 illiue
1048 1653 1211 1735 cupiditate
1235 1655 1295 1718 ab·

152 1763 308 1827 ludentem
341 1761 442 1843 placet
470 1778 633 1843 enarrare,
663 1759 775 1841 quippe
802 1777 883 1840 quoe
912 1759 1004 1842 digna
1026 1760 1065 1824 eit
1088 1759 1214 1824 huiusce
1237 1778 1295 1824 co-

152 1886 285 1933 nemine.

240 1972 271 2040 8.
315 1969 469 2054 Apsetbus
491 1967 582 2052 libys
606 1969 782 2050 concupivit
805 1969 881 2034 deus
903 1968 985 2047 deri;
1008 1988 1078 2034 cum
1100 1979 1201 2034 autem
1221 1970 1334 2036 nibilut

154 2099 219 2144 non
242 2085 371 2144 conatus
392 2091 520 2159 prorsus
543 2074 712 2140 excidisset
734 2079 826 2158 ausis,
850 2077 1004 2141 nitebatur
1025 2078 1185 2140 velvideri
1198 2077 1295 2142 iactus

155 2205 241 2270 esse,
272 2193 303 2250 et
331 2187 415 2249 visus
443 2190 490 2247 est
511 2182 649 2264 prolecto
671 2201 707 2246 re
729 2203 804 2249 vera
826 2186 913 2267 lapsu
935 2185 1083 2266 temporis
1102 2184 1200 2248 lactus
1225 2203 1296 2249 esse

155 2295 243 2366 deus.
295 2291 514 2358 sacrificabant
545 2292 624 2354 enim
652 2291 752 2354 insani
778 2291 892 2373 Libyes
921 2290 963 2354 illi
996 2297 1139 2372 tanquam
1174 2289 1295 2355 divinae

155 2401 275 2466 cuidam
298 2398 452 2482 potestati,
476 2398 591 2480 opinati
613 2415 747 2480 superne
771 2397 810 2461 de
832 2396 920 2460 caelo
943 2397 1048 2479 lapsae
1071 2398 1141 2462 voci
1163 2415 1198 2460 ss
1221 2416 1296 2462 cre-

154 2509 238 2572 dere.
291 2505 501 2589 congregavit
527 2505 606 2568 enim
636 2505 666 2568 in
697 2521 787 2566 unam
811 2501 1005 2584 eandemque
1029 2504 1197 2568 aediculam
1221 2523 1334 2576 arcem

153 2615 298 2698 plurimas
330 2615 476 2694 psittacos
505 2629 621 2693 easque
650 2611 782 2675 inclusit.
834 2609 911 2672 Sunt
943 2616 1042 2672 autem
1076 2610 1218 2692 permulti
1240 2630 1297 2694 per

153 2722 277 2804 libyam
301 2719 420 2801 psittaci
443 2727 474 2783 et
496 2725 641 2782 accurate
664 2716 824 2781 admodum
848 2715 1010 2780 humanam
1032 2735 1142 2781 vocem
1171 2720 1296 2782 imitan-

153 2833 212 2892 tes.
256 2825 313 2890 llic
334 2825 410 2888 satis
433 2822 485 2887 diu
507 2842 580 2888 aves
608 2829 767 2904 postquam
797 2822 921 2887 nutrivit
949 2822 1053 2888 docuit
1083 2825 1153 2888 lari:
1193 2825 1296 2908 Apse-

154 2935 224 3000 mas
245 2934 396 2996 deusest.
439 2931 604 3012 Postquam
626 2937 729 2994 autem
753 2936 961 2994 exercuerunt
984 2947 1058 2995 aves
1080 2933 1153 2996 satis
1177 2931 1227 2996 diu
1245 2931 1297 2995 id-

156 3059 218 3125 que
240 3040 381 3104 labantur
403 3037 486 3120 quod
508 3037 559 3102 ille
589 3035 771 3119 opinabatur
799 3037 911 3101 dictum
938 3036 1116 3101 effecturam
1138 3055 1209 3101 esse
1221 3084 1229 3118 ,
1265 3045 1337 3102 utto

156 3145 337 3212 crederetur
359 3145 435 3208 deus
457 3161 527 3208 esse
551 3143 720 3228 Amathus,
743 3151 805 3208 tum
829 3151 936 3226 aperta
959 3144 1098 3209 aedicula
1123 3146 1212 3210 alium
1237 3145 1297 3210 ali-

158 3272 261 3319 orsum
292 3253 417 3318 avolare
445 3253 592 3334 psittacos
618 3251 697 3315 sivit.
755 3249 935 3315 volantibus
964 3260 1066 3316 autem
1095 3253 1201 3318 avibus
1225 3254 1300 3318 exit

157 3379 219 3424 vox
245 3359 276 3423 in
306 3376 428 3422 omnem
459 3357 584 3441 Libyam
614 3364 645 3420 et
677 3375 771 3423 voces
792 3359 911 3422 illorum
935 3365 1178 3442 penetraverunt
1200 3377 1298 3440 usque

159 3466 198 3532 ad
221 3466 368 3531 Graecam
391 3472 513 3548 terram,
536 3469 567 3526 et
588 3463 630 3526 ita
652 3462 764 3545 Libyes
786 3464 918 3546 perculsi
940 3465 1039 3529 avium
1063 3483 1142 3529 voce
1166 3473 1195 3528 et
1213 3465 1299 3528 trau-

158 3574 227 3638 dem
250 3573 287 3636 ab
311 3570 448 3654 Apsetho
472 3571 663 3634 commissam
686 3571 867 3653 ignorantes
890 3588 946 3652 pro
971 3570 1031 3636 deo
1054 3569 1209 3635 habebant
1231 3575 1338 3654 Ap-to

157 3680 286 3746 sethum.
341 3678 529 3742 Graecorum
560 3683 661 3740 autem
690 3677 812 3758 quidam
842 3683 986 3740 accurate
1020 3680 1188 3760 perspectis
1215 3681 1299 3742 malis

161 3785 275 3850 artibus
311 3783 443 3850 bominis
476 3804 533 3867 pro
564 3784 623 3848 deo
660 3783 778 3848 scilicet
807 3782 955 3848 uenditati
985 3801 1042 3864 per
1073 3784 1200 3850 eosdem
1230 3785 1299 3850 illos

159 3993 265 4050 namet,
291 3984 346 4038 uisi
372 3983 446 4056 quod
472 3982 566 4036 ultima
592 3981 793 4037 desiderantur.
844 3981 991 4041 Maximum
1016 3978 1130 4054 Tyrium
1156 3981 1301 4052 exscripsit

158 4075 321 4148 Apostolius
343 4079 412 4130 Ceut.
432 4071 540 4139 XVffl,
563 4075 608 4130 te.
627 4091 655 4146 p.
674 4075 737 4130 7³0.
756 4078 794 4128 sot
812 4075 932 4140 habeb,
959 4074 1006 4148 qui
1024 4074 1141 4128 similem
1160 4074 1301 4127 namatio-

160 4185 223 4222 uero
242 4167 322 4222 affert
340 4167 375 4222 de
393 4165 531 4222 Hannone
551 4163 770 4238 Carthaginiensi
789 4181 823 4219 ex
840 4162 957 4221 Aeliano
982 4169 1009 4221 V.
1023 4164 1231 4229 uos.x1v,³o.
1258 4160 1300 4217 ct.

160 4259 241 4314 stiam
261 4256 357 4314 lustin.
377 4256 455 4324 xiil,
475 4261 493 4314 4
511 4267 539 4313 et
556 4255 628 4325 Ptin.
646 4261 704 4313 Not.
714 4262 778 4313 diist.
788 4255 862 4324 Vlll,
883 4259 915 4313 16
1029 4259 1073 4314 37.
1093 4257 1163 4328 αὐτῷ
1173 4257 1220 4326 ὥς]
1232 4253 1303 4326 αὐτῷ

161 4347 240 4415 cll,
258 4351 306 4423 qai
324 4349 440 4424 δυνάμει
456 4348 603 4405 delendum
623 4367 685 4404 esse
704 4357 802 4404 censet
871 4351 915 4404 44.
934 4349 1008 4420 darc]
1027 4348 1090 4420 plere
1107 4346 1134 4401 ri
1153 4343 1175 4401 C
1255 4345 1300 4400 bt).

156 4441 345 4510 Ινοῆσανπςῦ
