2920 4982
250 327 532 388 mutitudinem:
572 328 816 389 vttuuutntnnt.
862 331 1046 392 destitutis,
1154 327 1217 394 515

67 494 111 559 sit
143 493 302 562 doctrinae
334 516 440 564 eorum
472 500 599 564 materia
630 499 798 582 variaeque
822 500 1004 566 sententiae.
1060 501 1111 566 Sic
1132 502 1225 586 igitur

66 601 174 682 placet
196 611 228 667 et
249 605 401 669 Valentini
417 606 556 672 scholae.

166 707 215 774 14.
260 710 411 777 Basilides
434 721 534 778 autem
558 719 590 778 et
612 715 677 796 ipse
701 713 774 777 dicit
803 732 874 778 esse
903 711 993 776 deum
1024 725 1264 800 non-antemon

68 817 125 898 qui
148 817 207 882 sibi
230 820 374 884 mundum
397 821 507 886 iecerit
530 840 570 884 ex
591 821 798 886 nou-entibus
821 828 1025 904 non-entem,
1048 842 1116 887 cunr
1140 843 1224 888 non·

69 943 130 990 eus
161 925 312 992 deiecerit
335 945 440 992 semen
461 926 634 1012 quoddam,
665 930 760 993 vetuti
784 947 913 1013 granum
937 928 1084 1010 sinapeos
1106 929 1224 998 habens

68 1033 102 1094 in
139 1049 175 1096 se
204 1033 273 1116 ipso
304 1035 446 1118 stirpem,
478 1035 566 1115 tolia,
603 1052 724 1119 ramos,
761 1035 908 1118 fructum,
939 1036 987 1098 vet
1010 1034 1098 1100 sicuti
1132 1057 1222 1102 ovum

68 1140 204 1220 pavonis
228 1140 344 1204 habens
368 1144 398 1204 in
423 1159 458 1206 se
481 1143 548 1224 ipso
572 1141 709 1206 colorum
734 1145 846 1208 variam
869 1143 999 1226 copiam,
1022 1150 1054 1206 et
1076 1143 1134 1208 hoc
1152 1163 1222 1210 esse

69 1244 178 1311 dicunt
200 1248 304 1311 mundi
326 1266 448 1332 semen,
472 1267 594 1331 expuo
615 1267 667 1313 res
690 1251 854 1316 universae
878 1248 1053 1314 extiterunt.
1098 1248 1259 1316 Haberent

70 1351 155 1416 enim
189 1353 220 1415 in
251 1371 286 1416 se
320 1355 388 1436 ipso
419 1357 563 1421 universa
590 1365 732 1438 tanquam
767 1357 929 1419 non-entia
960 1364 989 1418 et
1019 1375 1036 1418 a
1065 1365 1223 1422 non-ente

70 1457 135 1522 deo
169 1467 202 1524 ut
232 1461 341 1526 tierent
371 1459 604 1543 praemeditata.
663 1461 730 1524 Futt
760 1463 869 1541 igitur,
907 1461 1061 1548 inquiunt,
1095 1467 1126 1528 in
1154 1468 1221 1549 ipso

72 1568 195 1629 semine
219 1566 329 1631 filietas
353 1568 519 1650 tripertita,
542 1584 598 1649 per
620 1571 720 1631 omnia
742 1571 893 1633 nou-enti
924 1567 983 1636 deo
1013 1572 1222 1638 consubstan-

69 1672 159 1752 tialis,
183 1681 330 1757 generata
355 1693 395 1738 ex
412 1673 629 1738 non-entibus.
668 1673 761 1739 Huius
782 1674 913 1738 filietatis
935 1676 1079 1741 tritariam
1104 1678 1221 1743 divisae

71 1777 153 1840 aliud
170 1785 237 1841 erat
248 1778 371 1856 subtile,
391 1777 470 1841 atiud
488 1795 635 1861 crassum,
656 1778 737 1842 aliud
752 1781 942 1862 purgationis
960 1781 1111 1866 indigens.
1136 1783 1256 1848 Sub-uu

71 1880 126 1943 tile
139 1883 231 1964 igitur
240 1886 348 1964 statim,
366 1885 417 1947 ubi
430 1886 557 1966 primum
577 1884 675 1948 extitit
697 1887 821 1948 seminis
844 1888 939 1969 prima
957 1885 1089 1950 deiectio
1107 1906 1220 1951 unon-

72 1997 154 2074 ento‚
173 1993 309 2074 perrupit
325 1998 357 2056 et
374 1988 515 2053 escendit
537 1992 568 2054 in
595 2007 740 2073 superum
757 1994 788 2051 et
804 1988 927 2054 devenit
953 1991 990 2056 ad
1015 2001 1221 2076 non-entem3

71 2094 153 2160 illum
167 2097 246 2162 enim
264 2099 362 2161 omnis
378 2105 485 2160 natura
499 2100 613 2180 expetit
626 2104 752 2178 propter
769 2102 1016 2178 exsuperantiam
1037 2101 1219 2183 pulcritudi-

72 2203 130 2286 nm,
143 2201 201 2266 aiia
214 2211 315 2266 autem
329 2205 425 2270 aliter.
460 2201 601 2268 Crassior
615 2211 715 2266 eutem
731 2203 781 2268 itta
799 2201 899 2266 adhuc
914 2224 1041 2270 manens
1051 2209 1080 2270 in
1090 2209 1219 2292 semina,

74 2316 183 2390 utpote
220 2309 373 2374 imitabilis
405 2311 569 2394 quaedam,
609 2309 781 2374 escendere
812 2310 935 2393 quidem
969 2331 1030 2388 pon
1058 2313 1157 2394 potuit
1179 2327 1259 2378 —et

73 2416 168 2479 multo
193 2417 272 2481 enim
297 2416 425 2481 interior
448 2427 515 2480 erat
537 2418 694 2482 subtiliore
718 2452 758 2462 -
781 2417 926 2480 instruxit
948 2425 1048 2482 autem
1072 2438 1107 2482 se
1126 2420 1222 2501 ipsam

75 2529 219 2606 tanquam
249 2524 305 2587 alis
333 2526 439 2606 spiritu
470 2531 597 2602 sanct03
635 2525 714 2588 hunc
739 2527 819 2588 enim
842 2524 994 2587 beneficio
1026 2525 1118 2588 afficit
1141 2525 1223 2588 filie-

75 2637 122 2696 tas
144 2635 246 2697 induto
277 2641 308 2695 et
331 2635 462 2697 vicissim
489 2633 644 2697 beneficio
670 2633 811 2699 afficitur.
860 2633 962 2697 Tertia
992 2640 1092 2697 autem
1115 2633 1223 2698 filietas

75 2745 259 2824 purgatione
282 2749 374 2825 eget;
409 2741 486 2805 haec
508 2742 618 2805 mansit
639 2744 669 2804 in
694 2744 903 2806 universorum
928 2743 1076 2805 seminum
1099 2759 1223 2826 acervo,

77 2856 107 2912 et
134 2849 199 2931 ipsa
230 2847 382 2912 beneficia
413 2850 510 2912 edens
541 2856 571 2913 et
601 2851 765 2931 recipiens.
820 2849 898 2912 Esse
938 2855 1039 2911 autem
1067 2847 1259 2932 quiddam,ro

77 2955 160 3038 quod
185 2965 314 3020 vocetur
336 2957 480 3034 mundus,
505 2957 632 3020 alterum
658 2965 758 3020 autem
782 2934 1053 3039 supermundano3
1076 2956 1223 3019 dividun-

77 3071 126 3127 tur
148 3065 227 3127 enim
253 3063 291 3126 uir
315 3080 353 3127 eo
377 3082 537 3146 quaequac
561 3065 687 3134 suntin
709 3063 785 3127 duas
807 3065 960 3146 principes
983 3061 1109 3127 classes.
1133 3064 1223 3138 Quod

79 3179 179 3236 autem
212 3170 321 3235 horum
357 3170 570 3234 intermedium
608 3177 670 3252 est,
704 3177 795 3234 vocat
834 3171 1052 3243 conterminum
1084 3172 1224 3251 spiritum

77 3288 227 3358 sunctum,
251 3279 303 3361 qui
325 3279 454 3342 odorem
477 3278 608 3342 filietatis
631 3277 733 3341 habet.
779 3278 805 3341 Α
829 3279 994 3342 seminario
1012 3279 1114 3341 acervi
1132 3297 1224 3342 mun-

80 3387 149 3450 dani
183 3389 308 3451 seminis
343 3390 444 3468 erupit
476 3392 506 3450 et
540 3395 706 3470 generatus
736 3391 784 3449 est
814 3404 943 3470 magnus
972 3383 1104 3470 archon,
1134 3393 1261 3467 caputio

80 3493 196 3579 mundi,
219 3493 425 3577 pulcritudine
447 3499 477 3556 et
500 3492 709 3578 magnitudine
731 3491 885 3556 ineffabili.
936 3492 991 3555 iiic
1011 3499 1170 3574 postquam
1193 3495 1223 3556 io

80 3669 365 3751 pseudopastorum.
385 3672 415 3730 Μ
548 3677 590 3730 60.
616 3671 696 3750 cdrpi]
715 3671 841 3746 tantun
980 3671 1066 3728 noim
1089 3673 1134 3746 api]
1156 3673 1225 3728 nris-

80 3785 129 3820 των
146 3763 179 3820 C:
200 3765 286 3822 urina
304 3764 342 3821 Μ.
380 3761 424 3820 (li.
444 3781 526 3837 supra
546 3783 575 3836 p.
594 3764 657 3829 362,
676 3765 720 3820 51.
740 3765 785 3818 52.
926 3765 970 3818 61.
995 3763 1113 3836 perorari]
1136 3765 1228 3836 yrrnrip

81 3875 160 3931 supro
179 3858 198 3914 l.
219 3861 239 3916 Ι.
369 3859 413 3912 62.
433 3857 602 3932 διῃρημένης]
627 3852 829 3931 drppppre'rouss
953 3858 995 3912 64.
1027 3857 1133 3928 πρῶτον
1154 3853 1224 3932 ἅμα]

82 3949 138 4025 ἅμα
153 3949 259 4022 nouiter
275 3945 297 4004 G
315 3945 354 4006 Μ.
402 3947 442 4004 Ci.
469 3966 550 4024 supra
575 3968 601 4022 p.
627 3950 697 4016 362,
717 3949 752 4004 66
881 3948 925 4003 67.
953 3946 1026 4024 ἄλλη]
1052 3949 1119 4002 ἄλλα
1145 3944 1224 4003 ΕΜ.

83 4041 122 4099 66.
141 4061 221 4117 supra
242 4061 269 4116 p.
291 4043 353 4109 362,
372 4045 407 4098 60
522 4045 567 4098 71.
586 4039 762 4115 lrdcoapre'rp]
782 4042 946 4114 ἔναυξομένῃ
963 4038 984 4094 C
1003 4039 1041 4096 Μ.
1080 4037 1122 4094 Ci.
1142 4057 1225 4112 cupra

82 4155 107 4210 p.
125 4137 186 4202 362,
205 4137 241 4191 68
361 4133 543 4208 adrpymirm]
561 4133 734 4208 adspyeroioo
754 4130 776 4189 C
794 4129 834 4188 Μ.
872 4130 914 4187 (li.
934 4149 1015 4204 supra
1037 4133 1052 4186 Ι.
1073 4131 1092 4185 Ι.
1181 4133 1225 4186 73.

84 4231 126 4286 arai
142 4227 216 4300 adrui]
241 4229 287 4284 soi
311 4225 415 4295 odrpC
567 4230 611 4282 tt.
639 4224 753 4304 κόσμον]
778 4227 880 4300 κόσμος
903 4223 931 4280 Μ
1047 4221 1224 4300 dnspxo'oprro]

84 4321 259 4396 dnapadcprroa
278 4318 300 4377 G
317 4318 357 4376 Μ.
400 4317 441 4376 Gi.
463 4337 544 4392 supra
565 4337 593 4392 p.
612 4321 674 4385 364,
696 4322 727 4374 10
853 4319 897 4373 75.
923 4317 953 4370 τὰ
977 4312 1051 4390 ὄντα]
1077 4332 1120 4369 om
1145 4312 1224 4370 CM.

9 4405 12 4412 ¹
85 4411 121 4469 Gi.
138 4429 220 4484 snpra
240 4430 267 4484 p.
284 4411 383 4476 364,8
491 4413 536 4466 76.
555 4411 629 4465 actui
645 4409 789 4484 μεθόριον]
815 4401 1063 4480 aoettrpmddpaorss
1180 4407 1225 4460 76.

84 4508 194 4578 deiopeia
220 4501 241 4560 G

868 4597 938 4663 ³3·
