3006 4976
638 313 814 372 passsam.
1232 305 1293 370 167

151 477 231 541 beat
252 483 356 542 vestes
388 485 419 542 et
441 496 550 544 omnes
573 480 707 544 evadere
731 480 835 560 sponsi
859 476 1055 541 dennscutnti
1078 493 1134 558 per
1155 476 1332 556 virgine-ac

150 584 214 646 tear
236 583 383 666 spiritum.
434 585 521 649 liaeo
543 586 624 648 enim
648 595 695 649 est
717 587 805 667 virgo
828 586 859 648 in
882 590 990 647 ventre
1013 590 1137 667 gestans
1161 589 1193 646 et
1214 599 1294 658 con-

151 689 276 770 cipiens
301 698 333 753 et
354 693 477 772 pariens
499 691 606 774 lilium,
629 710 691 756 non
717 690 893 774 animalem,
918 708 980 755 nou
1003 688 1205 772 corporalem,
1239 688 1294 752 sed

151 793 280 858 beatum
302 813 410 860 aevum
436 803 604 861 aeternum.
648 799 695 860 De
714 797 771 881 his,
793 797 899 879 inquit,
923 795 1038 858 diserte
1053 795 1129 858 dixit
1144 794 1292 858 salrator:

151 901 295 982 Anpnrto
327 911 455 966 atarto
480 913 527 968 ert
553 905 609 968 oio
639 923 718 986 pone
740 905 824 966 ducit
844 903 1019 978 adcitum,
1051 909 1082 964 et
1103 903 1198 981 ponci
1224 908 1301 986 eant

149 1009 207 1088 pari
228 1010 442 1088 inpredinntnr
464 1028 542 1088 eam,
566 1011 631 1072 loto
652 1017 752 1073 antem
774 1017 805 1071 et
824 1009 963 1088 spatiosa
984 1009 1038 1070 oio
1060 1025 1138 1088 pane
1154 1007 1238 1068 ducit
1253 1007 1330 1081 odon

147 1115 366 1199 padtdonean,
386 1123 418 1178 ct
438 1117 524 1179 malti
544 1125 615 1179 aunt
638 1117 690 1198 qni
710 1121 870 1196 permeant
885 1133 946 1195 per
967 1131 1043 1175 eom.

240 1258 271 1324 9.
295 1261 457 1324 Praeterea
474 1268 575 1324 autem
589 1261 726 1344 Phryges
741 1259 845 1323 dieunt
861 1267 977 1342 patrem
993 1259 1206 1322 universorum
1224 1275 1293 1320 esso

150 1366 359 1447 mnypdolom,
384 1385 447 1430 non
461 1367 614 1450 arborem,
637 1367 743 1450 inquit,
766 1367 822 1430 sed
842 1365 1114 1447 esseamygdalum
1127 1364 1293 1427 illumante

154 1471 358 1554 existentem,
383 1475 435 1553 qui
457 1472 576 1537 babens
599 1476 629 1536 in
653 1491 687 1536 se
708 1473 876 1554 perlectum
899 1472 1029 1535 sructura
1049 1479 1200 1551 tamquam
1223 1471 1294 1551 pul-

150 1585 271 1640 santem
295 1586 326 1641 et
348 1597 382 1642 se
406 1587 578 1642 moventem
601 1579 824 1662 inmolando,
854 1579 991 1659 perrupit
1021 1573 1181 1660 (διήμοξε)
1209 1577 1331 1642 siausn

152 1701 230 1745 suos
263 1691 294 1745 et
325 1688 487 1768 generavit
521 1675 703 1750 invisibilem
734 1695 766 1749 et
798 1685 1018 1748 innominatum
1049 1689 1081 1744 et
1109 1681 1294 1746 ineffabilem

151 1787 244 1852 filium
275 1807 380 1874 suum,
410 1790 449 1854 de
480 1810 542 1874 quo
572 1792 733 1874 loquimar.
786 1787 921 1872 Ἀμείξαε
943 1791 1023 1854 enim
1047 1787 1198 1873 significat
1214 1796 1293 1852 tam-

150 1912 243 1974 quam
265 1913 408 1977 rumpere
427 1903 458 1959 et
472 1897 626 1981 scindere,
651 1899 748 1978 sicuti,
771 1898 878 1981 inquit,
902 1896 941 1959 de
959 1893 1201 1959 febricitantibus
1218 1912 1292 1956 cor-

148 2000 277 2080 poribus
306 2007 337 2062 ot
363 2001 547 2065 habentibus
578 2005 610 2066 in
640 2022 675 2067 se
705 2002 857 2084 quandam
882 2001 1132 2084 convulsionem,
1169 1996 1294 2080 α’μυχοίς

149 2101 255 2165 dieunt
277 2105 387 2167 medici
409 2115 598 2170 resecantes.
644 2107 708 2190 Sic,
730 2107 836 2189 inquit,
859 2104 997 2188 Pbrpges
1020 2106 1214 2187 amypdotnm
1232 2119 1330 2168 vo-ao

148 2215 236 2290 cant,
264 2228 281 2273 a
309 2228 371 2291 quo
404 2215 545 2292 provenit
569 2218 600 2274 et
622 2217 710 2275 natus
732 2219 780 2274 est
798 2211 969 2294 invisibilis,
997 2231 1055 2291 per
1083 2231 1171 2292 ροεεπ
1191 2211 1294 2273 omnia

147 2313 239 2394 facto
268 2324 339 2378 sant
368 2329 398 2378 et
425 2320 492 2380 sine
522 2321 589 2399 ipso
615 2317 731 2396 [oetam
753 2318 903 2380 estnihil.
960 2317 1172 2380 Fistulatorem
1191 2323 1291 2379 autem

150 2420 257 2483 dicunt
279 2439 350 2484 esse
373 2420 510 2506 Phryges
533 2423 616 2503 quod
639 2425 710 2486 inde
733 2430 835 2486 natum
859 2429 915 2506 est,
939 2425 1008 2502 quia
1031 2423 1154 2503 spiritus
1175 2421 1292 2484 cubar-

149 2528 272 2590 monius
300 2533 348 2591 est
376 2529 460 2608 quod
491 2537 593 2592 natum
622 2537 678 2594 est.
728 2531 864 2610 Spiritus
889 2531 971 2590 enim
992 2537 1047 2606 eat,
1071 2528 1176 2610 inquit,
1198 2529 1291 2602 ἄνευ

149 2643 348 2715 quapropter,
373 2637 485 2718 inquit,
507 2657 605 2718 nepae
627 2637 660 2698 in
679 2643 778 2698 monte
799 2636 858 2698 boo
879 2635 1021 2711 odorant,
1041 2653 1138 2714 nepae
1159 2634 1191 2694 in
1212 2633 1327 2695 ute-a

50 2775 55 2782 ·
147 2741 282 2803 ντεεολοπε
302 2743 371 2804 aeri
392 2743 592 2820 adoratores,
615 2744 672 2805 red
692 2743 725 2804 in
745 2742 865 2822 spirito.
919 2740 1099 2820 Spiritnolia
1119 2741 1215 2815 enim,
1238 2738 1290 2799 in-

149 2849 231 2929 quit,
260 2856 306 2909 eri
329 2847 539 2928 perfectoram
566 2850 725 2926 odoratio,
757 2867 819 2910 non
841 2847 988 2909 οοτπαλίε.
1031 2845 1160 2927 Spiritus
1181 2851 1290 2926 autem,

148 2953 264 3036 inquit,
280 2953 320 3016 ibi
344 2955 395 3018 ubi
418 2963 450 3017 et
472 2962 558 3036 pater
590 2955 758 3037 appellatur
781 2961 812 3017 et
832 2953 911 3016 iilius
935 2971 975 3015 ex
996 2952 1056 3016 hoc
1072 2957 1157 3032 patre
1175 2950 1216 3013 ibi
1229 2969 1289 3014 na-

148 3066 208 3124 tos.
253 3059 318 3142 llio,
342 3061 458 3144 inquit,
483 3069 529 3124 est
552 3062 784 3144 multinominis,
807 3061 975 3124 innumeris
997 3061 1161 3122 instructus
1183 3057 1288 3141 oculis,

147 3163 481 3248 incomprehensibilis,
496 3169 599 3230 cuius
633 3169 737 3231 omnis·
762 3173 887 3248 natura,
917 3165 974 3230 alia
998 3173 1098 3228 aotam
1119 3166 1208 3229 aliter
1230 3183 1326 3234 cu-un

150 3273 240 3353 piens
264 3279 320 3334 est.
366 3271 446 3356 lloc,
468 3275 575 3356 inquit,
599 3281 645 3336 est
668 3273 794 3335 verbum
819 3271 879 3354 dei,
903 3272 985 3353 quod
1010 3277 1066 3354 est,
1087 3271 1192 3354 inquit,
1214 3289 1289 3335 ver·

148 3377 220 3440 bum
243 3378 480 3458 praedicationis
503 3395 634 3461 magnae
656 3379 826 3460 potestatis.
882 3377 984 3451 Quare
1012 3379 1070 3440 erit
1094 3376 1289 3460 obsignatum

143 3599 220 3654 χεταε
238 3579 296 3654 ε’λρα
315 3581 354 3636 ὅτε
374 3583 431 3637 οὔτε
446 3587 475 3637 ἐν
495 3584 528 3655 τῷ
547 3585 603 3655 ὄρει
620 3583 699 3655 τούτῳ
718 3583 775 3638 οὔτε
793 3587 822 3638 λν
835 3583 1036 3656 Ἱεροσολύμοις
1053 3583 1241 3654 προσκυνήσετε
1256 3583 1291 3654 τῷ

147 3677 252 3742 πατρί.
273 3711 279 3725 .
299 3711 308 3726 .
326 3673 393 3727 ἀλλὰ
414 3677 516 3746 ἔρχεται
542 3673 600 3747 ὥρα
624 3675 670 3728 καί
695 3676 745 3728 νῦν
768 3678 844 3739 λστίν,
872 3673 911 3728 ’ὅτε
931 3678 957 3728 ol
976 3675 1101 3742 ἀληθινοί
1116 3675 1290 3746 προςκυνηταί

148 3764 374 3836 προᾳτνῆσονσεν
392 3765 426 3836 τῷ
444 3765 523 3837 πατρί
541 3768 570 3820 ἐν
587 3765 715 3838 πνεύματι
733 3767 779 3819 καί
796 3767 908 3838 ἀληθείᾳ
926 3804 1040 3819 .....
1060 3767 1166 3838 πνεῦμα
1184 3767 1197 3820 ri
1218 3766 1289 3830 θεός,

148 3856 196 3908 καί
219 3855 279 3916 τοὺς
301 3857 515 3927 apamenam
539 3857 621 3910 αὐτὸν
652 3857 680 3910 ἐν
704 3855 833 3930 πνείματο
856 3858 903 3912 καί
931 3858 1043 3929 ἀληθείᾳ
1068 3857 1108 3926 dri
1135 3863 1290 3928 aspernantia

151 3945 193 4000 ta.
214 3943 369 4000 Obscurum
389 3947 516 4019 est·quid
535 3947 587 4001 ribi
606 3947 672 4002 velit
690 3951 742 4002 ἐκεῖ
761 3947 828 4002 ὅπου
945 3950 986 4003 19.
1012 3951 1065 4004 ἐκεῖ
1081 3950 1220 4004 abundare
1245 3950 1290 4003 ri-

148 4036 229 4099 detur
342 4031 679 4111 Ὶο.21.οὖ-ίρὲγεται]
699 4036 741 4094 Gi.
762 4057 843 4112 supra
863 4057 890 4111 p.
907 4041 966 4104 138,
976 4043 1013 4096 34
1025 4058 1067 4112 sq.
1180 4043 1225 4096 2l.
1249 4042 1290 4110 di]

148 4147 172 4182 τε
190 4125 213 4182 C
231 4125 260 4181 bl
374 4128 408 4182 21
430 4144 489 4202 sqq.
527 4126 571 4184 ci.
593 4129 664 4183 iufra
690 4130 708 4184 l.
734 4129 786 4194 Vl,
811 4133 837 4186 9.
858 4149 885 4202 p.
906 4133 969 4196 163,
988 4133 1114 4187 83-90.
1136 4132 1179 4186 ed.
1199 4131 1289 4186 Oxou.

152 4218 234 4272 Τοῦτο
251 4219 280 4272 τὸ
297 4218 414 4292 γράμμα
432 4219 595 4290 ἀποφάσεως
613 4221 704 4289 φωνῆς
720 4223 766 4275 καί
785 4221 916 4296 ὀνόματος
933 4226 960 4285 l}
978 4225 1097 4283 ἐπινοίας
1115 4223 1156 4289 τῆς
1172 4222 1289 4293 μεγάλης

148 4309 290 4382 δυνάμεως
306 4309 349 4375 τῆς
366 4310 523 4382 ἀπερτίντοο.
560 4312 608 4366 And
625 4315 694 4366 tna·
711 4315 933 4384 λσρρττγεπμίνον,
950 4314 1142 4386 κεκρυμμένον,
1158 4314 1289 4384 κεκαλυμ-

147 4403 241 4474 μένον,
262 4403 386 4472 κείμενον
403 4405 433 4457 la
450 4403 485 4474 cpi
503 4405 648 4475 ολκρτηρίρ,
667 4394 698 4457 οὗ
716 4403 730 4470 ip
750 4405 809 4476 ῥίζα
827 4405 878 4460 τῶν
896 4403 967 4459 ὅλων
984 4405 1165 4476 τεθεμελίωται
