3052 4984
516 347 658 408 duatus.
702 347 922 408 antestans,
1226 342 1290 412 440

149 530 218 576 men
241 513 344 597 ignem
368 513 474 580 dicens
500 522 669 580 aeternum.
719 517 799 581 Dicit
829 523 928 580 autem
960 525 990 580 et
1020 517 1189 600 sapientem
1221 536 1291 582 esse

149 617 229 683 hunc
253 622 355 704 ignem
380 630 412 686 et
434 625 701 687 administrationis
725 624 862 687 universi
896 641 1038 704 cnusam3
1071 633 1159 690 vocat
1191 633 1290 690 autem

148 727 177 791 id
201 729 333 810 inopiam
358 737 389 793 at
411 731 625 814 expletionem.
677 713 781 813 inopia
805 737 905 794 autem
930 731 1032 796 mundi
1056 733 1220 814 descriptio
1244 739 1292 798 ast

149 855 188 900 ex
211 837 278 902 eius
306 841 473 917 sententia,
509 837 689 923 deflagratio
724 843 826 901 autem
858 835 1001 919 expletio.
1059 840 1169 905 Omniu
1202 844 1290 928 enim,

146 943 256 1026 inquit,
285 946 368 1027 ionis
395 947 544 1012 inccdens
572 946 725 1010 iudicabit
755 953 785 1010 et
814 947 972 1029 corripiet.
1032 947 1064 1011 ln
1099 947 1159 1013 hoc
1189 958 1325 1015 autemut

147 1051 280 1133 capitulo
303 1053 476 1119 universam
501 1055 589 1119 simul
612 1056 792 1118 sententiam
816 1073 901 1118 auum
927 1057 1086 1138 exposuit,
1120 1057 1207 1119 simul
1232 1077 1290 1120 au-

145 1163 206 1222 tem
239 1167 269 1224 et
298 1159 467 1226 haereseos
498 1161 605 1246 Nocti,
644 1167 762 1245 [quem]
793 1163 898 1245 paucis
926 1160 1047 1224 ostendi
1080 1179 1142 1224 non
1179 1159 1290 1225 Christi

145 1281 234 1349 esse,
256 1270 311 1332 scd
336 1269 481 1334 Heracliti
502 1270 687 1353 discipulum.
735 1269 875 1334 creatam
909 1272 989 1334 enim
1022 1268 1167 1332 mundum
1190 1269 1288 1351 ipsum

145 1373 285 1457 opificem
309 1380 356 1442 sui
386 1386 419 1443 ot
448 1385 621 1442 creatorem
651 1395 721 1442 esse
751 1375 824 1440 dicit
856 1377 886 1440 in
921 1373 1002 1438 hunc
1033 1377 1171 1440 modum:
1204 1376 1289 1442 Deua

144 1481 212 1545 dies
233 1501 313 1558 noc,
335 1483 431 1548 Ιιὸοοττ
452 1494 576 1570 metor,
602 1485 712 1548 delium
737 1503 826 1566 poc,
853 1484 988 1565 expletio
1015 1483 1116 1564 [amca
1141 1519 1185 1532 —
1207 1495 1327 1548 con-uu

143 1589 237 1652 traria
260 1593 425 1654 universe:
457 1589 507 1654 hic
536 1609 646 1655 sensus
679 1629 711 1638 -
740 1599 876 1656 mutatur
909 1601 1009 1654 nutem
1038 1591 1171 1672 perinde
1199 1592 1289 1674 puori

144 1699 337 1760 commistum
359 1701 401 1761 eit
421 1697 625 1778 suffimentum
654 1717 723 1760 curn
750 1697 954 1780 wsdmentir5
980 1700 1158 1762 nominetur·
1187 1711 1288 1762 nutem

143 1805 186 1867 ud
206 1807 352 1888 cuiusque
375 1805 499 1870 lihitum.
545 1804 736 1869 Manifestum
771 1811 871 1869 nutem
900 1805 1042 1868 omnihus
1065 1811 1113 1868 est
1134 1805 1287 1887 insipien-

142 1914 188 1975 tes
212 1911 301 1976 doen
324 1931 524 1978 successores
547 1921 579 1977 et
600 1913 769 1978 haerescos
804 1913 975 1998 antistites,
1002 1914 1121 1978 etiamsi
1142 1913 1286 1980 Heracliti

142 2035 197 2082 eos
221 2018 377 2085 auditores
399 2019 495 2086 luisse
517 2038 626 2103 neges,
649 2029 734 2086 certe
756 2030 869 2106 tamen,
891 2039 958 2084 cum
971 2020 1064 2085 Nodti
1086 2019 1195 2102 placita
1218 2035 1324 2085 τοο-το

140 2123 328 2210 plectentur,
352 2135 460 2211 aperte
488 2129 596 2194 eudem
626 2127 775 2194 confiteri.
828 2128 879 2192 Sic
901 2128 983 2192 enim
1007 2127 1159 2192 dictitant:
1190 2129 1287 2192 Unum

140 2235 335 2316 eundemque
360 2235 450 2302 deam
475 2256 545 2303 asse
569 2239 703 2304 omnium
728 2235 868 2319 opificem
894 2244 923 2302 et
946 2242 1082 2319 patrem,
1111 2236 1163 2300 uhi
1186 2245 1286 2300 eutem

139 2343 196 2426 ipsi
228 2345 325 2407 visum
355 2346 411 2430 sit,
439 2347 618 2429 apparuisse
650 2346 757 2428 priscis
780 2344 954 2409 hominihus
987 2343 1074 2409 iustis
1107 2345 1286 2410 invisibilem

140 2449 255 2530 ipsum;
279 2449 405 2532 quando
429 2453 510 2516 enim
535 2469 597 2515 non
620 2452 759 2536 videtur,
782 2451 942 2516 invisibilis
965 2459 1049 2536 eret,
1078 2452 1202 2533 quando
1225 2473 1283 2517 au-

138 2565 198 2620 tem
222 2557 356 2644 videtur,
381 2559 521 2646 visibilis,
543 2559 861 2642 incomprehensibilis
886 2568 1010 2645 nutem,
1040 2560 1163 2640 quando
1192 2573 1322 2624 com-tu

137 2662 287 2746 prehendi
310 2681 372 2728 non
404 2665 482 2747 vult,
517 2664 799 2747 comprehensibilia
829 2673 945 2751 nutem,
979 2667 1104 2750 quando
1135 2685 1283 2750 compre-

137 2769 295 2836 henditur:
325 2775 370 2835 sic
398 2773 504 2834 eadem
534 2773 653 2833 ratione
679 2771 894 2855 insuperabilis
922 2780 953 2836 ct
976 2775 1175 2858 superabilis,
1198 2791 1282 2839 nnn-

137 2881 258 2964 geuitus
282 2885 312 2942 et
334 2880 473 2965 genitus,
494 2881 672 2944 immortalia
696 2888 727 2943 et
749 2879 896 2944 mortuiis.
942 2879 1020 2955 Quin
1037 2879 1180 2945 Heracliti
1203 2881 1282 2944 tales

138 2985 338 3051 ostendentur
361 2987 524 3068 discipuli?
574 2987 687 3052 Nonne
720 3007 757 3052 ea
791 2988 865 3069 ipsis
889 2986 989 3052 verbis
1021 2998 1109 3052 antea
1138 2988 1281 3070 philoso-

138 3093 247 3175 phatus
269 3103 317 3159 est
340 3095 491 3158 obscurus
516 3094 590 3158 ille?
634 3096 708 3160 Eum
739 3104 839 3161 autem
861 3097 967 3160 dicere
990 3095 1120 3159 eundem
1146 3113 1216 3159 esse
1239 3098 1317 3160 li-ud

135 3199 205 3262 lium
241 3208 272 3263 et
301 3207 417 3282 petrem
450 3217 542 3264 nemo
572 3204 679 3265 nescit.
729 3204 808 3266 Dicit
835 3211 933 3267 autem
964 3205 993 3267 in
1027 3202 1106 3265 hunc
1137 3203 1280 3266 modum:

136 3306 267 3382 Οτταοιίο
288 3310 385 3388 ipitur
405 3327 467 3371 non
487 3308 593 3389 [ochra
620 3309 726 3416 sperni
746 3319 850 3390 puter,
881 3291 960 3374 iuste
986 3317 1078 3390 poter
1107 3310 1280 3391 appellatur

133 3423 219 3492 erut,
243 3417 365 3497 puundo
388 3424 489 3478 nutem
519 3419 548 3478 ci
579 3415 668 3480 libuit
695 3419 868 3498 periturum
894 3420 1065 3492 sustinere,
1094 3418 1216 3496 penitus
1235 3417 1278 3496 fi-

134 3522 192 3585 lius
212 3523 318 3601 sactus
348 3532 396 3586 ert
423 3527 534 3587 suimet
561 3527 680 3606 ipsius,
710 3543 772 3586 non
799 3525 888 3586 alirn.
944 3525 994 3586 Sic
1028 3523 1107 3585 enim
1138 3524 1281 3604 opinatur

133 3749 210 3804 turp.
236 3733 361 3803 λέγουσιν
378 3731 421 3786 rel
439 3734 541 3804 λέγοιεν
674 3730 715 3810 τὰ]
734 3728 809 3805 rpiC
954 3733 999 3788 do.
1020 3727 1278 3808 ratini]rnairoCh1

137 3819 302 3894 Beruayaius
322 3830 349 3876 et
369 3820 526 3879 Bunreniur
653 3827 698 3882 42.
716 3820 901 3895 nepvpxe'rnrll
1056 3825 1100 3878 ⁴3.
1120 3825 1165 3878 44.
1193 3821 1231 3878 lire
1250 3824 1278 3879 dl

133 3913 226 3984 ὁρᾶτον
246 3909 351 3990 ὁρατός]
370 3931 414 3968 om
435 3913 456 3971 C
474 3915 503 3972 lt
523 3915 689 3990 Bernryeiua
710 3926 738 3972 et
758 3915 923 3971 Bunaeniue.
962 3912 1005 3969 Cl.
1025 3915 1096 3970 inira
1116 3915 1135 3970 l.
1147 3913 1184 3970 X.
1205 3917 1280 3988 cet,

131 4025 158 4078 p.
178 4007 239 4070 ³29,
257 4006 302 4061 41.
323 4006 366 4059 ed.
387 4003 439 4061 Οι.
573 4011 617 4066 45.
637 4012 682 4064 46.
701 4009 844 4080 ἀκρᾰτητος
861 4008 907 4062 καὶ
924 4007 1057 4080 κρατητός,
1076 4009 1215 4079 ὰγὲννοτος
1232 4009 1280 4062 καὶ

129 4095 260 4174 γεννητός]
280 4097 420 4170 deprimor
437 4099 593 4172 ἀνρᾰτητος,
612 4100 736 4174 ἀγένητος
754 4097 789 4154 C:
808 4100 961 4170 ἀκρότητος,
981 4099 1104 4172 ἀγένητος
1121 4097 1150 4154 hl
1160 4120 1167 4152 τ
1194 4099 1278 4168 ἀκρά-

128 4209 345 4263 spernerent,
365 4190 657 4266 ἀγένητοςκ.γενητός
681 4190 849 4264 Bernayriua
876 4201 904 4248 et
928 4190 1094 4280 Hapsepius.
1132 4185 1174 4246 Cf.
1203 4189 1274 4276 inire

129 4351 156 4407 p.
175 4335 238 4389 329.
258 4332 304 4388 ed.
323 4329 375 4388 Ox.
502 4334 547 4389 47.
567 4335 612 4390 tu.
630 4335 669 4410 μὴ
686 4333 751 4410 αὐτῇ
768 4335 797 4410 τῇ
814 4337 891 4406 λέξον]
909 4283 976 4408 pig
1000 4282 1112 4396 girol]
1228 4335 1273 4389 ⁴8.

127 4429 240 4492 letaidau
258 4426 368 4498 φθάσας
386 4445 463 4500 susp.
484 4425 647 4499 Hoeperua,
665 4429 711 4501 qui
729 4429 767 4502 μὴ
785 4429 829 4482 rix
848 4429 918 4484 terri
936 4445 1019 4500 porse
1036 4435 1133 4481 cenaet
1229 4427 1274 4479 5⁰.

128 4521 259 4596 yeylvnro]
276 4522 366 4593 γένοιτο
385 4517 407 4575 C
582 4521 626 4575 52.
651 4523 798 4594 γεννηθεὶς]
815 4521 937 4594 γενηθεὶς
954 4517 975 4576 G

956 4617 998 4682 29
