3052 4984
248 287 253 301 ’
290 327 355 394 478
400 331 617 416 (p.³oo.³o¹.]
710 335 804 392 τιοοο
828 337 872 406 υτ,
896 341 946 394 22.
970 339 1021 393 23.

289 525 392 585 ταγμα
414 503 461 588 εἴη
491 505 619 565 πιστιδν.
673 501 770 566 Πάνυ
798 500 834 565 δὲ
862 504 1034 587 περιέργως
1062 499 1167 582 ἔχουσι
1195 507 1271 586 περὶ
1302 501 1461 582 βοτάνα.-

289 615 344 674 καῖ
372 611 503 689 λίθους,
535 609 764 698 περιεργότεροι
798 611 885 684 ὄντες
917 609 1000 696 πρδς
1033 609 1090 687 τδς
1121 610 1240 674 ιυότιον
1269 610 1457 696 ἐνεργείας.

252 741 281 789 οο
290 721 465 805 φάσκοντες
485 721 528 806 μή
550 720 653 806 μάτην
673 725 771 784 ταῦτα
794 723 967 800 γεγονέναι.

376 831 426 895 23.
476 833 553 903 Τοῖς
581 828 617 893 δὲ
642 829 849 912 βουλομένοις
878 833 914 919 τῇ
946 825 1064 912 αἱρέσει
1085 827 1282 914 μαθητεύειν
1304 827 1381 891 οὐκ
1406 826 1459 890 εδ-

288 940 377 1012 θέως
397 939 453 1014 τοὶς
475 936 672 1022 παραδόσεις
694 941 870 1016 ποιοῦνται,
893 939 923 1000 εί
949 941 993 1024 μή
1023 938 1176 1024 πρότερον
1208 937 1455 1021 δοκιμάσωσιιζ.

287 1045 338 1112 ἔπ’
359 1047 505 1112 ἐνιαυτόν
528 1047 562 1111 δὲ
585 1049 641 1122 τὰς
663 1047 777 1132 ὁμοίας
799 1047 921 1132 τροφάς
941 1050 1180 1131 παρατιθέασιν
1202 1047 1264 1124 ἔξω
1287 1051 1353 1131 τῆς
1377 1047 1455 1109 ἑαυ-

290 1161 350 1222 τῶν
373 1156 509 1221 συνόδου
532 1155 623 1221 οὖσιν
640 1157 676 1220 έν
698 1155 792 1244 ἑτέρῳ
814 1160 906 1244 οἴκῳ,
934 1154 1104 1242 ἀξινάριόν
1125 1157 1167 1242 τεΙ
1182 1161 1236 1220 καὶ
1265 1157 1300 1220 τδ
1333 1155 1454 1219 λινοῦν

254 1263 450 1350 τοπερίζιομα
472 1267 527 1328 καὶ
548 1263 664 1350 λευκήν
685 1265 806 1350 ἐσθῆτα
829 1264 945 1340 δόντες.
986 1264 1135 1330 Ἐπειδὰν
1147 1264 1244 1352 τοότῳ
1268 1267 1314 1349 τῷ
1338 1263 1452 1346 χρόνῳ

289 1385 405 1457 πεῖραν
427 1373 608 1459 ἐγκρατείας
629 1372 691 1460 δῷ,
723 1372 887 1456 πρόσεισιν
909 1373 1013 1453 ἔγγιον
1033 1379 1070 1464 τῇ
1091 1372 1209 1462 διαίτῃ,
1241 1378 1297 1435 καὶ
1332 1377 1449 1434 καθα-

288 1595 407 1677 τροφῆς
427 1589 674 1673 μεταλαμβάνει.
724 1589 817 1652 Μετοὶ
848 1591 909 1673 γάρ
939 1589 973 1652 τὸ
1000 1587 1105 1665 δείξαι
1134 1588 1162 1650 ελ
1188 1586 1448 1669 έγκρατεόεσθαι

289 1697 441 1775 δόναται,
465 1698 519 1761 ἐπὶ
541 1697 591 1783 ἔτη
613 1696 698 1760 ἄλλα
720 1695 779 1761 δόο
802 1695 1003 1777 δοκιμάζεται
1029 1699 1085 1760 τοῦ
1111 1696 1251 1760 τοιούτου
1278 1696 1315 1758 τδ
1351 1692 1447 1780 ἦθος.

252 1811 343 1869 mai
365 1811 478 1890 φανεὶς
499 1807 590 1882 ἄξιος
616 1803 715 1880 οὕτως
742 1805 788 1879 είς
815 1801 931 1879 αδτοδς
955 1807 1102 1892 κρίνεται.
1154 1804 1238 1888 Πρὶν
1264 1801 1301 1865 δὲ
1336 1801 1449 1876 αὐτοῖς

289 1917 498 2004 συνεστιαθή,
527 1913 635 1997 δρκοις
657 1924 799 1999 φρικτυίς
821 1910 991 1999 δρκίζεται,
1024 1915 1150 1997 πρῶτον
1178 1915 1237 1993 μὲν
1258 1909 1447 1996 εὐσεβήσειν

286 2021 321 2086 τι)
338 2025 448 2098 θείον,
472 2021 578 2084 ἔπειτα
599 2022 638 2084 τά
660 2020 741 2107 πρός
763 2019 963 2105 ἀνθρώπους
984 2019 1095 2084 δίκαιοι
1115 2017 1271 2104 φυλάξειν
1286 2025 1345 2081 καί
1363 2022 1446 2081 καιιὶ

287 2128 411 2214 μηδένα
433 2129 551 2213 τρόπον
572 2126 736 2215 σι’δικήσειν
757 2128 843 2204 τινά,
866 2127 991 2214 μηδένα
1013 2127 1050 2192 δὲ
1070 2127 1147 2212 μήτε
1169 2125 1351 2190 ἀδικοῦντα
1367 2129 1445 2212 μήτε

290 2238 412 2322 έχθρδν
432 2237 589 2322 μισήσειν,
612 2237 850 2321 προσεύχεσθαι
872 2235 908 2300 δέ
923 2235 1003 2321 ὑπὲρ
1026 2234 1141 2313 αδτιέν,
1164 2234 1443 2315 συναγωνίζεσθαι

252 2341 342 2416 οοάελ
363 2354 428 2422 τοῖς
449 2343 601 2421 δικαίοις,
623 2345 657 2409 τό
679 2346 792 2409 πιστδν
813 2347 893 2409 πᾶσι
916 2346 1083 2430 παρέξειν,
1111 2343 1250 2428 μάλιστα
1272 2355 1341 2419 τοϊς
1363 2369 1445 2431 κρα-

289 2455 414 2518 τοῦσιν·
445 2451 484 2518 οδ
505 2454 566 2538 γάρ
588 2451 663 2533 δίχα
685 2455 769 2516 θεοῦ
791 2455 975 2534 συμβαίνειν
995 2456 1055 2516 τινὶ
1074 2457 1109 2515 τδ
1133 2452 1260 2536 ἄρχειν·
1292 2454 1360 2516 κάν
1382 2451 1443 2516 αι’·-

289 2558 342 2634 τδς
359 2559 457 2650 ἄρχῃ,
479 2557 633 2643 μηδέποτε
654 2557 986 2644 όπερήφανεδσασθαι
1008 2557 1045 2622 ἔν
1067 2557 1210 2638 ἐξουσίᾳ,
1236 2555 1316 2642 μηδὲ
1346 2556 1442 2622 α’πει-

291 2667 405 2753 θήσειν
426 2670 447 2752 ή
467 2672 527 2732 τινί
548 2667 655 2755 κόσμῳ
685 2665 797 2731 πλεῖον
825 2671 880 2731 τοῦ
910 2666 1010 2742 ἔθους
1039 2664 1238 2752 χρήσασθαι·
1268 2663 1442 2750 φιλαλήθη

291 2869 330 2936 τά
352 2870 433 2955 πρὸς
455 2867 616 2954 ὠφέλειαν
639 2871 745 2956 ψυχῆς
766 2873 821 2932 καὶ
844 2867 988 2950 στόματος
1009 2867 1196 2948 ἐκλέγοντες.
1233 2868 1355 2932 Ἔνθεν
1377 2867 1440 2933 αδ-

290 2989 354 3053 τοίς
384 2977 465 3063 πρδς
496 2981 680 3062 θεραπείαν
707 2980 831 3041 παθῶν
860 2975 943 3062 ῥίζαι
971 2999 1002 3040 τε
1017 2977 1220 3064 1άλεξιτήριοι
1248 2980 1303 3040 καὶ
1332 2975 1441 3042 λίθων

290 3087 438 3172 ἰδιότητες
460 3085 702 3172 ἀνερευνῶνται.

377 3202 405 3262 7.
456 3201 510 3282 Τῷ
534 3195 569 3260 δὲ
593 3195 733 3282 ζηλοῦντι
756 3198 853 3279 (Τοίς
874 3194 910 3259 δὲ
934 3194 1059 3283 ζήλυέσι
1081 3197 1208 3282 Porph.)
1237 3197 1293 3282 τήν
1315 3203 1439 3285 οίρεσιν

290 3302 397 3368 αὐτῶν
416 3301 475 3369 οδκ
496 3302 599 3378 εδθδς
620 3302 639 3389 ή
662 3301 825 3389 πάροδος,
860 3300 935 3366 ἀλλ’
964 3301 1015 3366 ἔπ’
1040 3304 1188 3368 ένιαυτδν
1215 3304 1276 3380 ἔξω
1310 3307 1435 3387 μένοντι

289 3413 344 3499 τήν
365 3409 464 3498 αδτήν
485 3408 691 3477 δποιίθενται
714 3411 855 3487 δίαιταν,
877 3410 1047 3497 άξινάριόν
1069 3435 1100 3476 τε
1121 3417 1176 3476 καὶ
1194 3411 1229 3476 τδ
1247 3419 1435 3500 προειρήμέ·

290 3543 347 3586 νον
369 3520 530 3607 περίζωμα
559 3527 614 3586 καὶ
640 3521 754 3607 λευκήν
775 3522 897 3606 έσθήτα
928 3521 1042 3597 δόντες.
1091 3520 1241 3587 Ἐπειδὰν
1271 3521 1308 3586 δὲ
1337 3525 1434 3610 τούτῳ

289 3634 332 3716 τῷ
352 3628 458 3718 χρόνῳ
478 3643 594 3719 πεῖραν
615 3632 795 3720 ἐγκρατείας
817 3630 879 3720 δῷ,
903 3633 1044 3717 πρόσεισι
1066 3637 1126 3714 μὲν
1147 3633 1250 3713 ἔγγιον
1271 3635 1309 3723 τῇ
1331 3631 1432 3722 διαίιΙιΙ

290 3745 344 3803 καὶ
376 3743 615 3828 καθαρωτέρων
646 3744 708 3805 τῶν
740 3743 822 3826 πρός
856 3740 990 3821 ἁγνείαν
1024 3739 1152 3805 ὑδάτων
1184 3741 1431 3826 μεταλαμβάνει,

289 3847 578 3936 παραλαμβάνεται
600 3849 636 3914 δὲ
658 3852 703 3926 είς
724 3851 780 3928 τάς
801 3849 987 3935 συμβιτόσεις
1009 3851 1149 3916 ου’δέπω.
1193 3853 1287 3916 Μετὰ
1300 3851 1362 3937 γάρ
1378 3857 1432 3938 τήν

290 3961 342 4043 τῆς
363 3963 527 4046 καρτερίας
547 3959 702 4038 ἐπίδειξιν
723 3959 814 4024 δυσὶν
835 3959 946 4036 ἄλλοις
967 3963 1044 4025 ἔτεσι
1066 3964 1100 4025 τὸ
1123 3959 1206 4048 ἦθος
1234 3961 1429 4046 δοκιμάζεται

290 4067 462 4152 (κομίζεται
484 4071 629 4154 Porph.),
652 4074 707 4133 καὶ
729 4073 844 4155 φανεὶς
866 4071 956 4148 ἄξιος
978 4069 1076 4145 οὕτως
1101 4071 1146 4145 είς
1167 4071 1222 4134 τὸν
1250 4069 1362 4153 ὅμιλον
1379 4071 1430 4152 ἐγ-

363 4237 405 4290 67.
433 4235 487 4304 κάς]
504 4231 598 4296 τοῖςῦ
748 4237 791 4290 69.
817 4232 942 4310 συνόδου]
971 4233 1143 4306 Syllabarum
1167 4237 1252 4289 οονοιί
1275 4237 1427 4290 tenuissima

291 4326 318 4380 in
339 4324 360 4382 C
378 4326 503 4396 vestigia.
524 4325 553 4380 M
739 4329 782 4380 71.
803 4325 904 4402 ἔγγιον]
925 4331 1006 4399 ίγγίιμ
1025 4325 1061 4380 C:
1082 4327 1163 4399 ἐγγίοι
1183 4325 1211 4382 Μ
1325 4331 1367 4382 71.
1385 4331 1426 4382 72.

292 4422 486 4490 καθαρωτέρας
513 4420 681 4491 ἀπολοόιται]
704 4425 899 4493 καθαρωτέρας
923 4419 1082 4474 άπολαόεται
1106 4418 1127 4475 C
1146 4419 1174 4475 M
1323 4422 1366 4476 72.
1384 4425 1427 4478 οδ-

294 4511 376 4588 dium]
397 4513 514 4566 οδδννὲιο
534 4509 555 4566 C
706 4517 750 4570 74.
769 4515 896 4583 τοιούτου]
916 4513 1032 4567 τοιοότου
1058 4513 1110 4585 γάρ
1136 4511 1157 4568 C
1318 4515 1362 4570 80.
1379 4515 1428 4594 cici]
