3050 4988
608 325 755 384 nanctis
1191 323 1255 387 33³

106 489 252 570 pendium
284 490 390 555 licebit
419 509 582 574 exponam.
633 492 745 557 Dicunt
772 495 885 576 quippe
913 493 1009 557 baec:
1045 493 1094 556 Ex
1125 493 1294 560 monadelo

108 603 140 659 et
164 595 265 680 dyada
285 608 395 663 cuncta
419 609 580 681 constare,
604 607 635 664 et
658 621 675 664 a
699 601 830 664 monade
853 600 975 682 quidem
998 619 1097 682 usque
1114 601 1152 663 ad
1168 607 1258 682 quat-

106 710 180 767 tuor
211 714 410 770 numerantes
438 707 479 770 ita
510 715 662 790 generant
695 707 853 771 decadem.
907 707 1024 769 Rursus
1056 714 1157 770 antam
1181 707 1258 788 dyas

108 829 277 896 progressa
301 812 340 877 ad
362 814 484 897 insigne
507 813 536 897 (i.
560 833 587 878 e.
607 815 657 898 ξ),
686 815 802 878 scilicet
824 814 885 877 duo
914 822 945 876 el
973 821 1116 896 quattuor
1139 823 1258 898 atses,

108 919 324 984 duodecadem
354 920 465 984 effecit.
510 921 549 984 Et
578 939 685 986 rursus
715 923 945 985 numerantibus
975 921 1065 985 nobis
1094 940 1111 984 a
1140 921 1257 984 binario

109 1027 148 1089 ad
181 1027 338 1092 denarium
368 1046 515 1093 numerus
538 1030 720 1094 tricenarius
752 1030 908 1113 elicitum*
933 1031 964 1092 in
997 1047 1058 1110 quo
1082 1029 1201 1111 ogdoas
1226 1035 1292 1092 atla

109 1133 206 1197 decas
229 1143 261 1198 et
284 1135 429 1200 dodecas.
474 1135 692 1200 Duodecadem
716 1139 809 1222 igitur
824 1145 951 1218 propter
972 1135 1094 1219 insigne
1112 1134 1257 1198 babuisse

109 1239 254 1303 comitem
289 1257 378 1305 suum
411 1242 563 1324 insignem
593 1246 785 1330 passionem,
818 1251 849 1308 ct
876 1249 1039 1326 propterca
1071 1261 1138 1305 cum
1174 1242 1256 1304 circa

111 1345 328 1411 duodecimum
352 1368 511 1414 numerum
535 1358 668 1416 erratum
692 1357 790 1435 esset,
822 1368 911 1414 ovem
943 1368 959 1413 a
990 1365 1089 1430 grege
1125 1347 1255 1429 palatam

110 1455 142 1516 in
162 1471 302 1519 errorem
326 1463 422 1520 actam
447 1475 518 1522 esse
540 1503 675 1524 .....
699 1458 836 1522 similiter
857 1475 934 1520 vero
958 1458 1049 1520 etiam
1070 1453 1254 1518 endecade.

110 1562 214 1641 Atque
236 1560 317 1627 baec
338 1566 542 1646 respicientes
575 1565 749 1629 drachmam
782 1566 962 1646 loquuntur,
991 1581 1081 1643 qnam
1109 1561 1256 1644 perditam
1265 1574 1296 1625 ao

109 1665 223 1728 mulier
248 1685 382 1732 accensa
410 1669 537 1733 lucerna
570 1670 756 1751 quaerebat,
786 1675 817 1731 et
843 1668 917 1731 illud
950 1666 1033 1749 quod
1055 1669 1086 1730 in
1110 1685 1168 1730 una
1199 1685 1258 1730 ove

110 1772 224 1836 accidit
256 1773 412 1860 damnum,
445 1783 476 1839 et
507 1779 676 1859 nonaginta
712 1795 823 1840 novem
856 1777 936 1839 inter
968 1793 1003 1838 se
1036 1779 1258 1858 componentes

110 2061 196 2124 clare
219 2061 264 2144 lri,
293 2064 399 2145 quiin
428 2082 575 2129 numeros
604 2065 706 2128 omnia
742 2064 953 2148 deduxerunt,
993 2063 1031 2128 de
1062 2063 1195 2128 monade
1227 2071 1260 2127 ct

110 2168 256 2233 dualitate
291 2171 430 2237 dicentes
466 2173 568 2237 omnia
604 2180 757 2237 constare.
814 2172 853 2235 Et
880 2191 897 2236 a
928 2172 1062 2235 monade
1092 2189 1191 2252 usque
1219 2171 1257 2234 ad

110 2283 258 2357 quattuor
287 2284 488 2343 numerantes
519 2281 564 2342 sic
591 2287 744 2364 generant
774 2279 930 2343 decadem.
989 2280 1087 2343 Unum
1120 2281 1199 2342 enim
1227 2285 1259 2342 et

111 2383 173 2446 duo
197 2391 229 2446 et
248 2393 311 2449 tres
344 2394 375 2447 et
402 2394 548 2467 quattuor
580 2389 612 2449 in
646 2405 738 2450 unum
768 2387 957 2469 compositae
988 2385 1096 2448 decem
1125 2403 1258 2448 aeonum

110 2501 342 2574 generaverunt
373 2513 543 2558 numerum.
599 2495 715 2558 Rursus
745 2501 846 2557 autem
881 2493 1009 2556 dualitas
1041 2492 1078 2554 ab
1113 2512 1150 2555 ea
1180 2510 1258 2574 pro-

109 2615 219 2680 gressa
241 2617 341 2681 usquc
365 2600 404 2664 ad
426 2603 600 2684 episemon,
636 2602 696 2665 duo
727 2608 758 2663 et
780 2608 926 2682 quattuor
948 2608 979 2663 et
1003 2617 1074 2683 sex,
1097 2600 1258 2663 duodeca-

110 2705 181 2768 dem
217 2707 360 2772 ostendit.
416 2707 456 2770 El
487 2726 593 2772 rursus
625 2729 641 2772 a
675 2708 820 2772 dualitate
853 2706 991 2771 similiter
1026 2706 1258 2769 numerantibus

110 2813 202 2876 nobis
224 2832 324 2896 usque
347 2814 385 2878 ad
408 2814 454 2899 X,
488 2814 579 2879 XXX
608 2834 754 2879 numerus
784 2822 928 2879 ostensus
959 2821 1022 2898 est,
1055 2815 1087 2876 in
1119 2830 1180 2894 quo
1212 2819 1259 2875 est
1357 2855 1358 2860 η

110 2921 234 3005 ogdoas
259 2928 290 2985 et
315 2922 408 2986 decas
429 2931 459 2986 et
483 2922 649 2988 duodecas.
706 2922 928 2987 Duodccadem
957 2923 1068 3005 igitur,
1103 2939 1142 2984 eo
1173 2919 1256 3001 qnod

109 3031 271 3110 episemon
293 3028 435 3092 babuerit
462 3037 704 3112 consequentem
733 3032 809 3114 sibi,
843 3037 968 3112 propter
993 3031 1149 3112 episemon
1180 3046 1256 3109 pas-

109 3137 232 3199 sionem
254 3144 385 3221 vocant‚
408 3144 439 3199 et
458 3146 588 3220 propter
607 3137 668 3201 boc
695 3139 776 3200 circa
798 3137 853 3200 Xll
883 3155 1042 3200 nnmerum
1072 3154 1140 3198 cum
1171 3135 1258 3199 labes

111 3243 262 3324 quaedam
295 3244 375 3308 lacta
403 3245 530 3329 inisset,
564 3262 654 3307 ovem
683 3244 864 3308 luxuriatum
896 3245 1076 3327 aberrasse,
1113 3244 1257 3325 quoniam

111 3351 297 3432 apostasiam
319 3370 337 3414 a
359 3351 543 3415 duodecade
572 3351 683 3415 iactam
710 3352 823 3414 dicunt.
875 3351 1019 3422 Similiter
1041 3357 1072 3414 et
1095 3369 1111 3414 a
1135 3349 1259 3414 duode-

110 3456 190 3520 cade
225 3458 442 3521 abscedentem
477 3477 567 3522 unam
600 3460 743 3522 virtutem
779 3461 897 3540 perisse
931 3458 1081 3543 divinant,
1116 3466 1147 3520 et
1178 3457 1258 3522 banc

110 3583 182 3628 esse
204 3565 380 3649 mulierem,
403 3585 484 3647 quaa
506 3566 676 3648 perdiderit
698 3567 872 3630 drachmam
896 3575 927 3630 et
950 3563 1127 3629 accenderit
1147 3565 1255 3629 lucer-

110 3686 179 3731 nam
209 3676 241 3732 et
270 3670 426 3733 invenerit
459 3688 536 3734 eam.
587 3669 638 3734 Sic
669 3673 761 3754 igitur
793 3678 824 3734 et
854 3687 999 3734 numeros
1035 3671 1190 3752 reliqum,
1223 3669 1254 3732 in

108 3927 231 3995 ephesso,
259 3928 302 3995 pai
320 3928 419 3996 quidem
435 3929 465 3979 a'a
482 3927 622 3980 littermm
640 3927 754 3980 ordinem
781 3936 805 3980 et
831 3943 963 3979 numam
986 3943 1039 3978 aon
1061 3928 1140 3987 venit,
1164 3945 1256 3996 sapar-

107 4028 169 4072 samt
185 4020 301 4072 eademne
319 4021 416 4072 Mnus
434 4021 568 4074 ἀπίωσι.
605 4021 674 4072 Hinc
691 4022 719 4071 in
737 4019 881 4072 duodecade
898 4016 1021 4082 saddoc,
1040 4037 1093 4082 sea,
1112 4019 1179 4086 quod
1196 4020 1258 4071 als'be'

108 4114 197 4166 dieunt
212 4113 349 4176 melici,
379 4110 500 4182 ὑστέρη
507 4132 552 4185 μα
558 4151 568 4176 ,
597 4115 708 4179 desectas
732 4114 809 4166 anius
832 4112 945 4164 litterae:
971 4113 1056 4180 ligura
1082 4110 1192 4176 desectus
1213 4127 1258 4162 sen

105 4207 252 4274 passienis,
278 4224 343 4275 quae
369 4208 516 4260 abscedente
533 4225 584 4261 ano
603 4225 682 4261 aeone
705 4215 847 4276 postremae
865 4221 973 4257 monum
992 4203 1131 4255 duodecada'
1148 4204 1258 4270 contigit.

108 4298 153 4350 79.
172 4296 217 4351 80.
233 4294 531 4364 commendandae
646 4297 691 4352 81.
711 4313 769 4369 sqq.
795 4292 837 4348 Cf.
857 4291 923 4348 Luc.
946 4293 987 4358 15,
1004 4294 1102 4347 4-10.
1210 4291 1255 4344 82.

107 4385 182 4442 Ante
202 4387 304 4462 ὁμοίως
320 4388 446 4444 lacunam
465 4390 630 4459 signavimus
651 4387 715 4443 coll.
734 4386 849 4442 Irenaeo
965 4385 1010 4440 83.
1029 4382 1154 4456 δραγμὴν
1165 4384 1258 4454 λέγου-

107 4500 161 4547 σιν,
178 4476 211 4548 ἦν
230 4479 252 4536 C
385 4483 431 4540 85.
451 4480 563 4558 ἑαυτοῖς]
582 4482 690 4544 ἑαυτοὺς
708 4477 731 4534 C
748 4477 778 4534 Μ
