3050 4988
193 273 257 343 340
301 275 513 366 μεινάτω.)
662 284 758 345 unna
780 285 826 359 vl,
850 287 900 344 τε.

192 438 333 527 άοράιυυ
355 443 507 525 δεκάδος,
535 449 589 533 τῆς
609 445 677 514 άπδ
700 447 822 530 λόγου
851 452 906 512 καὶ
934 445 1050 533 ζωῆς·
1084 445 1140 532 τῆν
1168 443 1343 511 δωδεκάδα

193 546 244 634 [δὲ
265 552 461 642 μηνύεσδαι]
485 553 540 619 διδ
561 560 618 620 τού
640 553 798 630 ζωδιακοῦ
819 555 937 620 κύκλου
960 553 1196 641 καλυυμίνου.Ι
1230 555 1342 618 Ταύια

190 655 253 744 γάρ
276 656 402 725 δάδεκα
425 659 525 750 ζῴδια
547 663 757 749 φανερώτατα
786 663 843 749 τῆν
869 665 925 728 τοῦ
947 660 1092 748 άνδροί
1100 683 1176 726 που
1206 665 1261 725 καὶ
1288 664 1342 746 τῆς

153 762 406 850 θῠέκκλησίας
435 771 616 857 θυγατέρα,
651 767 821 854 δωδεκάδα
851 767 1058 844 άποσκιάζειν
1088 766 1223 849 λέγουσι.
1277 771 1342 831 Καὶ

190 869 260 936 ἐπεί
281 871 531 962 άνιεπεζεύγθη,
555 879 650 962 φησί,
679 879 799 968 τῆτάν
821 875 907 941 δλων
930 878 1035 962 φορά,
1064 872 1205 964 δκυιάτη
1233 872 1341 961 ύπαρ-

189 979 307 1070 χυύση,
339 980 525 1069 δύπερθεν
546 982 702 1069 ούρανός,
738 982 756 1048 δ
785 984 867 1072 πρὸς
896 980 983 1070 αύτῷ
1008 985 1053 1070 τῷ
1081 981 1166 1046 κύτει
1184 981 1340 1067 βαρύνων

189 1091 244 1152 καί
264 1085 537 1156 άναταλονιεύων
556 1091 612 1178 τῆν
631 1091 754 1157 ἐκείνου
782 1090 922 1177 οίκύιηια
951 1093 987 1180 τῆ
1017 1087 1132 1153 ἑαυτοῦ
1158 1087 1338 1174 βραδυτῆτι,

188 1191 232 1270 τίς
252 1194 289 1260 ἐν
309 1197 476 1285 τριάκοντα
497 1196 577 1264 ἔτεσι
607 1199 663 1285 τῆν
692 1197 844 1284 περίοδον
875 1195 943 1262 άπὸ
971 1199 1100 1283 σημείου
1128 1195 1183 1260 ἐπὶ
1209 1205 1339 1281 σημεῖον

151 1308 371 1384 ίοποιετσθαι,
394 1306 504 1372 είκύνα
526 1306 672 1386 λέγουσιν
692 1305 791 1371 αύτδν
811 1307 867 1370 ιοῦ
889 1303 1006 1391 δρυυ,
1034 1305 1090 1368 τού
1111 1303 1167 1389 τῆν
1187 1324 1336 1390 τριακον-

186 1409 332 1496 τάνυμον
352 1417 471 1502 μητερα
493 1411 600 1479 αὐτῶν
620 1415 834 1501 περιέχοντος·
865 1411 921 1498 τῆν
942 1410 1075 1497 σελῆνην
1095 1433 1128 1475 τε
1147 1409 1258 1488 πάλιν,
1280 1410 1336 1476 κδν

187 1517 330 1606 ούρανδν
350 1521 632 1608 ίκπεριερχυμίνην
657 1521 694 1586 ἐν
724 1519 891 1608 τριάκοντα
914 1517 1062 1605 ῆμίραις,
1096 1516 1154 1582 διά
1174 1521 1237 1582 τάν
1258 1516 1336 1604 ῆμε-

186 1630 253 1714 ρῶν
274 1627 329 1693 υδν
350 1629 498 1715 άριάμδν
518 1633 582 1694 τῶν
604 1628 733 1694 αἰώνων
761 1627 933 1692 δκτυποῦν·
956 1630 1011 1689 καὶ
1032 1626 1087 1690 τὸν
1106 1624 1197 1712 ῆλιον
1218 1623 1273 1703 δέ,
1296 1625 1335 1690 δν

186 1731 313 1800 δοίδυκα
344 1740 439 1821 μησὶν
465 1736 729 1821 δμπεριεχόμενυν
760 1738 816 1798 καί
848 1732 1067 1820 τερματίζοντα
1096 1734 1153 1819 τῆν
1183 1731 1336 1818 κοκλικῆν

148 1847 178 1898 1³
186 1839 285 1906 αύυοῡ
307 1839 567 1909 ἀποκατάστασιν
572 1891 585 1922 ,
614 1843 670 1930 τῆν
692 1841 864 1907 δωδεκάδα
886 1845 1064 1929 φανεροῦν·
1094 1846 1150 1905 καί
1175 1839 1275 1917 αύτάς
1296 1841 1334 1906 δὲ

184 1950 241 2026 τάς
260 1949 395 2037 ἡμέρας,
418 1951 544 2017 δοίδεκα
565 1949 659 2037 ὡρῶν
679 1951 715 2016 τδ
735 1953 849 2035 μέτρον
871 1950 1021 2031 ἕχουσας,
1044 1947 1146 2014 τύπον
1166 1952 1219 2036 τῆς
1240 1953 1333 2035 κενῆς

188 2145 273 2209 εἶναι
294 2149 347 2231 τῆς
368 2143 510 2233 άοράιου
532 2143 686 2223 δεκάδος,
708 2149 761 2232 τῆς
783 2143 850 2208 άπδ
873 2143 994 2227 λόγου
1016 2147 1070 2208 καί
1093 2142 1192 2230 ζωῆς
1212 2144 1331 2230 προελ-

182 2253 323 2339 θούσης·
344 2251 399 2340 τῆν
421 2251 457 2317 δὲ
480 2251 652 2317 δωδεκάδα
673 2251 856 2338 μηνύεσδαι
878 2249 934 2315 διδ
955 2255 1011 2315 τυῦ
1029 2249 1187 2325 ζωδιακοῦ
1199 2255 1255 2316 τοῦ
1269 2274 1331 2315 κα-

181 2359 338 2444 λουμένου
360 2359 488 2426 κύκλου.
543 2362 595 2426 Τά
613 2362 676 2448 γάρ
697 2359 823 2425 δοίδυκα
846 2357 945 2446 ζηίδια
967 2357 1253 2446 φανεροίτατατῆν
1273 2363 1331 2425 τού

181 2464 403 2554 δνδροίπου
432 2473 487 2532 καὶ
506 2470 560 2554 τῆς
578 2466 793 2554 ἐκκλησίας
822 2469 1001 2553 θυγατέρα,
1033 2464 1206 2531 δωδεκάδα
1237 2484 1330 2531 σκια-

179 2585 317 2663 γραφεΐν
339 2575 475 2659 λέγουσι.
519 2580 583 2640 Καὶ
602 2575 672 2640 ἐπεὶ
693 2573 937 2660 άνιεπεζεύχθη,
961 2576 1059 2658 φασί,
1082 2573 1138 2660 τῆν
1158 2579 1222 2640 τῶν
1242 2574 1329 2640 ὅλων

180 2684 298 2771 φοράν,
320 2681 480 2770 οίκοτάτην
499 2681 717 2770 ὑπάρχουσαν,
741 2677 840 2769 οὗπερ
853 2679 870 2746 ὁ
882 2681 996 2768 χρόνος
1004 2683 1058 2766 (sic
1066 2683 1083 2768 Ι)
1102 2679 1217 2768 ὁπρδς
1238 2682 1326 2770 αὐτῷ

178 2793 223 2879 τῷ
248 2789 331 2856 κύτει
352 2791 503 2880 βαρύνων
531 2795 585 2855 καὶ
609 2789 881 2855 άνπταλανιεύων
899 2787 956 2874 τῆν
975 2789 1105 2854 ἐκείνων
1126 2787 1266 2877 ὠκύτητα
1289 2795 1328 2882 τῆ

180 2897 295 2962 ἑαυτοῦ
314 2896 504 2985 βραδυτῆτι,
536 2898 614 2962 ὥστε
635 2895 733 2963 αύτδν
753 2896 791 2961 δν
810 2895 977 2983 τριάκοντα
1000 2894 1077 2960 ἔτεσι
1098 2895 1154 2982 τῆν
1174 2896 1327 2984 περίοδον

179 3002 246 3069 α’πδ
269 3007 397 3091 σημείου
421 3005 475 3070 ἐπὶ
497 3015 625 3092 σημεῖον
646 3007 829 3081 ποιεῖσθαι,
858 3001 969 3067 είκύνα
998 3002 1124 3083 λέγουσι
1149 3001 1249 3069 αύιδν
1269 3007 1325 3068 τού

178 3108 287 3198 ὅρου,
309 3115 366 3176 τοῦ
387 3111 442 3197 τῆν
462 3111 737 3199 τριακοντούνυμον
757 3113 877 3197 μητέρα
901 3107 1007 3173 αύιῶν
1028 3112 1239 3197 περιέχοντος·
1269 3111 1325 3198 τῆν

178 3217 310 3304 σελῆνην
330 3241 362 3283 τε
384 3216 487 3283 πάλιν
499 3217 612 3304 ἑαυτῆς
627 3215 768 3304 ούρανδν
785 3216 1050 3304 ἐμπεριεχομένην
1063 3218 1231 3305 τριάκοντα
1246 3217 1324 3305 ῆμί-

176 3347 262 3412 ραις,
286 3323 341 3390 διά
362 3327 426 3390 πάν
446 3323 573 3412 ῆμεράν
593 3324 649 3390 ιδν
670 3323 816 3410 άριθμδν
844 3327 908 3388 τῶν
929 3325 1097 3412 τριάκοντα
1119 3326 1249 3392 αλοίνων
1266 3326 1321 3391 ἔκ-

175 3435 311 3497 τυποΰν·
340 3434 396 3496 καλ
426 3432 482 3497 ιδν
509 3431 602 3520 ῆλιον
628 3431 664 3497 δὲ
685 3431 721 3496 ἐν
743 3429 881 3497 δεκαδύο
911 3437 985 3518 μησί
1018 3433 1243 3517 περιεχόμενον
1269 3439 1323 3500 καὶ

174 3538 394 3626 τερματίζοντα
414 3539 471 3626 τῆν
491 3539 640 3627 κυκλικὴν
662 3537 761 3604 adm}
783 3537 1058 3618 άποκατάστασιν,
1089 3538 1146 3604 διά
1172 3547 1235 3606 τῶν
1256 3540 1322 3606 δοί-

175 3644 254 3710 δεκα
274 3650 382 3732 μηνῶν
401 3645 457 3733 τῆν
479 3645 660 3734 δωδεκάτην
681 3647 828 3732 φανεράν
849 3655 969 3711 ποιεῖν·
991 3649 1047 3722 τάς
1068 3645 1104 3711 δὲ
1125 3645 1246 3736 ῆμίρας
1267 3649 1316 3714 δε-

174 3752 285 3819 καδύω
308 3753 401 3841 ύράν
422 3754 456 3819 τδ
477 3764 590 3842 μέτρον
610 3752 745 3836 ἐχούσας
765 3753 866 3818 τύπον
894 3757 948 3839 τῆς
976 3759 1112 3840 φαεινῆς
1138 3754 1322 3834 δωδεκάδος

246 3990 291 4046 33.
308 3989 338 4044 δὲ
355 3986 515 4064 μηνύιυθαι]
535 4006 580 4043 om
600 3986 637 4043 G:
654 3987 683 4042 δὲ
701 3985 732 4043 Μ
821 3988 865 4044 35.
885 3986 1063 4069 άπισκιάζειν]
1083 3994 1241 4058 ίιιισκιάζιιν
1256 3993 1320 4052 cM

173 4085 218 4140 36.
244 4076 442 4157 άνππεζεύχδη]
467 4079 609 4154 άντζεύχθη
634 4076 705 4134 GM
825 4077 909 4156 φορᾷ]
936 4079 1065 4158 ἀναφορᾷ
1089 4082 1160 4141 CM
1273 4088 1318 4142 42.

172 4169 417 4249 ίκπιριιργομίνην]
436 4175 653 4247 ἐκπεριεχομένην
671 4169 693 4226 C
710 4166 740 4224 Μ
854 4172 899 4227 43.
918 4173 1054 4252 λκτοποῢν]
1074 4176 1236 4232 ἐκτυπούσαν
1254 4174 1320 4233 GM

172 4269 217 4323 44.
237 4261 471 4344 ἐμπεριεχόμενοι]
491 4264 732 4340 λμπεριερχόμενον
755 4259 798 4314 vel
817 4263 1072 4339 ίκπεριεργὸμενονλ
1186 4268 1231 4322 46.
1256 4267 1319 4342 ῆμί-

174 4380 225 4434 ρας
253 4359 359 4415 δοίδεκα
381 4357 461 4430 δρῶν
483 4359 511 4412 τὸ
534 4360 632 4433 μίτραν
657 4353 779 4430 ἔχοντας]
805 4351 892 4412 Recto
917 4357 1046 4415 observat
1070 4357 1198 4416 Peuvius
1223 4360 1318 4415 horam

175 4451 249 4523 εμυδ
266 4447 452 4522 Epiphanium
472 4450 538 4506 duas
559 4445 775 4524 aequinoctiales
795 4448 948 4505 continere.
996 4449 1078 4518 Quod
1097 4453 1251 4508 evidentius
1270 4453 1319 4507 in-
