3052 4984
569 359 761 420 cstttst.
1176 355 1240 426 459

92 527 160 591 bat:
183 529 278 592 ditltsi
299 530 393 607 eatis,
423 547 530 593 verum
553 528 644 592 etiarn
666 535 829 610 propterea
859 527 942 610 quod
966 548 983 591 a
1006 527 1137 594 Sabellio
1161 513 1242 594 con-

91 636 233 699 tinenter
254 637 471 720 accusabatur,
502 637 810 719 tamquam‘primam
837 635 926 701 iidem
956 638 1149 721 migraverit,
1181 638 1242 703 ad-

91 743 216 807 invenit
236 742 328 807 talem
352 743 503 827 quendam
531 743 690 827 haeresin,
712 743 826 808 'dicens
854 743 958 828 logum
989 747 1086 827 ipsum
1116 763 1187 809 esso
1210 746 1242 810 n·

91 850 186 934 lium,
219 850 349 914 eundem
373 853 464 916 etiem
488 858 605 933 patrem
629 854 752 916 nurnine
774 853 896 936 quidem
919 861 1080 937 uocatum,
1109 871 1144 917 rs
1167 871 1240 918 vers

92 963 197 1020 eutem
220 974 313 1020 unum
336 975 407 1022 esse
428 958 566 1040 spiritum
597 958 776 1038 indivisum,
809 977 871 1023 non
901 958 982 1024 aliud
1013 977 1085 1023 case
1114 969 1281 1044 putremsc

91 1063 177 1128 aliud
200 1065 305 1150 lilium,
338 1064 396 1129 sed
424 1083 518 1129 unum
541 1071 573 1128 et
594 1065 675 1130 idem
705 1085 796 1152 esse,
828 1068 992 1150 omniaque
1024 1083 1095 1131 ease
1122 1065 1240 1148 repleta

91 1171 200 1238 diuino
223 1174 330 1256 spiritu
355 1180 387 1237 ct
407 1172 569 1256 superiora
592 1180 623 1236 ct
647 1173 811 1259 inferiora,
841 1175 1038 1258 spiritumque
1067 1175 1098 1239 in
1122 1175 1241 1256 uirgine

91 1297 190 1342 carne
212 1279 348 1344 indutum
372 1299 434 1344 non
457 1299 528 1346 csse
551 1280 632 1346 aliud
655 1289 747 1364 atquc
769 1289 901 1366 petrem,
933 1279 989 1344 sed
1018 1297 1108 1344 onum
1137 1281 1240 1343 idern-

93 1405 166 1470 quc.
213 1388 251 1452 Et
272 1387 332 1452 hoc
355 1407 425 1453 esse
448 1388 478 1454 id
502 1388 584 1472 quod
616 1389 728 1454 dicium
759 1395 822 1453 ost:
855 1391 925 1454 Non
957 1389 1061 1452 credis
1083 1390 1157 1472 puio
1182 1408 1240 1470 epo

89 1495 127 1557 in
146 1502 237 1574 putre
259 1503 290 1565 st
305 1503 399 1577 poter
420 1497 453 1558 in
474 1515 522 1558 me
544 1497 615 1558 cst?
658 1495 784 1559 Visibile
811 1496 906 1579 enim,
932 1493 1016 1576 quod
1048 1492 1169 1576 quidem
1194 1501 1280 1556 estet

92 1599 205 1685 lromo,
227 1601 319 1666 lilium
343 1621 432 1680 esse,
455 1603 592 1686 spiritum
615 1610 735 1681 autern,
759 1601 810 1683 qui
833 1603 863 1664 in
885 1600 977 1665 filiurn
1001 1601 1145 1684 cesserit,
1169 1617 1240 1664 esse

92 1713 230 1790 patrem3
252 1725 315 1771 non
338 1710 435 1794 eninr,
457 1711 575 1794 inquit,
593 1707 762 1792 profitebor
785 1707 846 1771 duo
870 1707 961 1794 deos,
983 1715 1099 1793 patrem
1123 1715 1154 1772 et
1177 1707 1239 1772 lili-

94 1819 165 1896 uln,
188 1812 371 1879 sedunum.
426 1815 516 1880 Pater
537 1818 637 1899 eninr,
667 1817 718 1897 qui
741 1817 770 1880 in
794 1833 833 1890 eo
856 1815 971 1901 extitit,
1002 1833 1126 1879 curnem
1150 1823 1241 1898 post-

94 1939 186 2002 quam
209 1922 389 2008 assumpsit,
416 1921 568 1988 deificavit
596 1922 655 1987 sibi
683 1923 798 1988 unitum
831 1929 862 1988 et
895 1923 966 1988 lecit
994 1940 1103 2005 uuum,
1136 1923 1178 1986 ita
1208 1929 1241 1984 ιιι

91 2037 182 2111 pater
204 2035 236 2093 et
257 2029 337 2093 lilius
359 2038 487 2094 vocetur
507 2047 587 2094 unus
612 2029 707 2114 deus,
729 2039 761 2094 et
783 2032 861 2096 hono
883 2048 1063 2115 personam,
1086 2047 1155 2094 curn
1179 2047 1278 2102 uncio

93 2139 148 2222 sit,
171 2157 233 2203 non
258 2156 351 2222 posse
374 2156 445 2202 esse
468 2140 563 2222 dous,
594 2146 626 2203 et
654 2140 700 2204 sic
722 2145 839 2221 patrem
863 2154 1055 2219 compassum
1079 2155 1151 2201 esse
1173 2155 1241 2201 cum

93 2245 174 2326 uti03
199 2247 363 2312 nonenim
387 2247 490 2310 dicere
514 2247 578 2310 vult
599 2249 716 2328 patrem
748 2265 818 2310 essu
847 2263 970 2328 passum
992 2263 1147 2327 unamque
1171 2261 1242 2308 esse

93 2372 278 2438 personam,
314 2361 347 2418 ut
383 2353 508 2438 effugiet
538 2353 756 2436 blasphemium
791 2355 821 2418 in
856 2360 972 2435 patrem
1004 2352 1153 2436 insipidus
1182 2353 1240 2416 iste

91 2461 258 2544 calorque,
280 2461 333 2544 qui
355 2479 474 2526 sursum
498 2461 643 2526 deorsum
667 2479 818 2546 spargens
840 2461 1059 2546 blasphemius,
1090 2459 1183 2526 modo
1208 2467 1241 2526 ut

93 2576 203 2633 contra
225 2569 384 2632 veritatem
406 2567 491 2651 loqui
513 2569 668 2651 videatur,
698 2576 761 2632 tum
791 2569 821 2630 in
845 2568 970 2633 Sabellii
995 2567 1163 2633 doctrinam
1187 2567 1297 2641 ιιι-ιι.

92 2674 222 2761 cidens,
245 2683 308 2740 tum
338 2678 368 2739 in
399 2675 551 2741 Theodoti
578 2693 641 2740 non
673 2674 837 2742 erubescit.
869 2675 952 2740 Talia
984 2683 1115 2740 conatus
1146 2693 1241 2758 prae·

93 2784 235 2868 stigiator'
257 2783 310 2847 ille
333 2783 470 2848 sciolum
492 2784 648 2848 constituit
669 2783 818 2847 adversus
839 2784 1000 2848 ecclesiam
1023 2785 1063 2848 ita
1085 2782 1239 2868 docendo,

94 2900 126 2956 ot
148 2893 263 2976 primus
287 2909 344 2975 oe,
382 2910 461 2974 quoe
491 2891 529 2956 ad
554 2891 724 2974 voluptates
748 2890 879 2977 iaciunt,
914 2890 1086 2957 horninibus
1120 2909 1240 2956 conce·

94 2999 170 3064 dere
193 3018 286 3065 ausus
309 3008 371 3084 est,
395 2998 502 3063 dicens
524 2998 664 3062 omnibus
688 3018 705 3062 a
727 3005 825 3062 semet
848 2996 955 3063 dimitti
978 3005 1117 3082 peccata.
1163 2999 1237 3063 Nam

92 3109 118 3172 si
142 3107 223 3172 iortc
246 3107 298 3189 qui
322 3106 402 3191 apud
429 3106 520 3172 alium
552 3125 641 3190 quern
673 3114 882 3191 congregatur
909 3114 941 3170 et
970 3106 1159 3172 Christianus
1180 3115 1259 3170 s·o-t

96 3224 183 3280 estur
204 3217 275 3298 quid
299 3218 492 3298 peccaverit,
515 3217 616 3299 aiunt,
638 3233 701 3278 nun
724 3217 889 3296 imputatur
907 3216 935 3279 ei
954 3221 1124 3298 peccatum,
1148 3215 1238 3280 modo

95 3323 207 3388 Callisti
227 3323 354 3388 scholae
370 3322 509 3389 accedat.
554 3323 646 3387 Cuius
670 3323 878 3388 definitionem
904 3323 1123 3407 amplectentes
1146 3322 1240 3408 multi,

94 3433 282 3497 conscientia
307 3433 399 3496 morsi
424 3431 573 3514 simulque
597 3433 687 3496 etiarn
712 3451 729 3494 a
752 3431 853 3495 multis
875 3433 968 3495 sectis
992 3432 1100 3495 reiecti
1112 3482 1121 3516 ,
1156 3449 1240 3496 non-

93 3542 164 3606 nulli
185 3560 262 3606 vero
286 3548 317 3604 et
339 3559 396 3624 per
417 3541 705 3606 condemnationem
733 3559 751 3604 a
783 3540 871 3602 nobis
903 3557 944 3602 ex
977 3537 1110 3603 ecclesia
1140 3539 1262 3624 eiectis

95 3648 131 3711 ad
155 3667 210 3714 eos
242 3650 429 3732 transgressi
465 3649 530 3712 eius
561 3647 697 3712 scholam
726 3647 932 3729 repleverunt.
989 3647 1046 3711 llic
1074 3649 1241 3734 praecepit,

92 3757 208 3819 tametsi
241 3756 407 3840 episcopus
429 3762 555 3837 peccet,
590 3755 706 3818 etiamsi
730 3755 767 3817 ad
792 3761 941 3837 mortem,
965 3772 1034 3818 curn
1058 3771 1119 3818 non
1144 3772 1241 3836 opor-

92 3876 156 3931 rerc
183 3862 255 3926 loco
285 3879 342 3926 suo
376 3863 503 3927 moueri.
562 3862 658 3926 lluius
696 3868 796 3925 aetate
827 3862 1010 3944 inceperunt
1041 3863 1180 3945 episcopi
1211 3869 1243 3926 et

95 4063 270 4119 denomines
290 4081 352 4119 essa
380 4073 503 4138 apparet.
525 4063 570 4122 td:
596 4063 663 4122 crim
690 4083 748 4127 nuc
769 4065 881 4128 ἐλπίζων
907 4064 1045 4137 supplevit
1067 4062 1240 4120 Busseniusr

94 4156 166 4214 Fort.
179 4156 281 4214 excidit
298 4158 335 4220 ὥς
358 4213 365 4252 ι
394 4161 438 4214 96.
452 4156 567 4222 dadau?
638 4160 683 4213 96.
691 4159 735 4212 97.
755 4155 889 4221 madritum
902 4153 936 4213 ll.
947 4154 1058 4212 Scottus
1067 4154 1240 4212 Eumenius:

95 4250 238 4324 σχεδιάζων
265 4245 336 4307 CM
518 4252 563 4308 98.
585 4250 629 4306 99.
658 4247 701 4306 cf.
721 4249 791 4306 inira
812 4250 830 4305 Ι.
842 4248 880 4306 X.
900 4269 924 4306 c.
941 4251 985 4306 27.
1007 4268 1034 4322 p.
1048 4251 1110 4314 3³0,
1130 4251 1174 4306 58.
1193 4251 1237 4306 59.

96 4344 136 4400 ad.
155 4341 223 4409 01„
246 4344 294 4398 ubi
312 4345 375 4401 loco
396 4343 511 4402 sabellii
530 4361 631 4399 nomen
650 4339 731 4400 Nocti
750 4343 853 4414 legitur
1029 4343 1057 4396 9.
1077 4343 1237 4414 συγχωρεῖν]

473 4439 500 4496 4.
526 4439 552 4494 ul
569 4437 603 4512 ιι]
631 4433 828 4514 surrupui
994 4435 1022 4495 8.
1046 4435 1172 4508 deplorat]
1199 4437 1241 4489 ix-
