3056 4970
584 317 689 376 stttott
710 317 836 379 nando.
1215 315 1279 380 237

133 485 282 567 psittacm
305 501 369 548 uon
391 485 534 564 coarguit
555 485 662 568 modo,
683 484 739 549 aed
763 487 853 550 etiam
875 483 996 567 perimit
1017 482 1171 548 hominem
1197 483 1276 546 illum

135 593 303 677 gloriosum
326 598 357 654 et
380 594 512 656 inanem.
557 591 671 656 Contra
694 599 795 656 autem
820 592 924 655 docuit
946 591 1038 654 lromo
1058 589 1204 669 Graecus,
1226 591 1278 671 qui

135 699 248 764 multos
270 717 311 763 ex
333 699 469 780 psittacis
492 699 523 760 in
545 717 640 764 cavea
665 699 855 782 inclusisset,
878 700 1004 762 dicere:
1037 699 1188 778 Apsetdns
1210 698 1316 760 crestali

134 825 191 868 nos
213 805 388 868 inclusisset
408 805 652 884 cespitalicom,
674 807 827 888 Apsetdos
849 807 923 868 deam
943 813 997 867 eat.
1043 804 1152 868 Audita
1177 810 1277 868 autem

133 912 247 993 Libyes
280 913 493 974 recantatione
528 912 725 992 psittacorum
759 929 868 978 omnes
899 912 1084 975 unanimiter
1116 909 1294 997 congrysl'

135 1017 373 1080 combusserunt
396 1015 572 1096 Apsethum

220 1121 252 1186 9.
295 1122 414 1188 Eodem
446 1122 538 1186 modo
569 1120 762 1187 statuendum
787 1127 834 1186 est
857 1121 895 1184 de
917 1122 1056 1206 Simone,
1079 1139 1169 1203 quem
1191 1123 1278 1185 citius

135 1236 365 1312 comparaveris
387 1248 455 1294 cum
479 1231 574 1312 libye
594 1230 657 1312 illo,
681 1248 771 1311 quam
795 1247 862 1294 cum
886 1229 988 1310 aliquo
1009 1246 1120 1291 revera
1144 1228 1204 1292 deo
1221 1227 1317 1292 sedili

136 1337 187 1418 qui
209 1339 406 1419 assumpserit
430 1337 590 1400 humanam
613 1338 770 1419 speciem..
810 1337 861 1400 Sin
886 1343 986 1398 autem
1010 1335 1089 1399 haec
1111 1353 1277 1417 compara-

134 1429 214 1507 ratio
237 1451 381 1508 accurate
406 1443 537 1525 quadrat
559 1449 590 1506 et
610 1461 717 1525 passus
741 1445 789 1508 est
811 1461 918 1523 magus
935 1445 1108 1522 passionem
1125 1441 1276 1522 quandam

134 1551 274 1633 Apsetho
294 1551 439 1634 similem,
463 1555 657 1632 experiamur
680 1551 834 1613 reducere
857 1550 990 1614 Simonis
1013 1552 1161 1631 psittacos
1185 1547 1277 1610 Glari-

135 1665 213 1722 stum
239 1675 301 1722 non
325 1657 421 1722 inisse
444 1659 610 1740 Simonem,
634 1657 686 1738 qui
708 1665 775 1740 atat,
798 1656 892 1739 stetit,
915 1656 1022 1736 stabit,
1045 1656 1101 1719 sed
1124 1655 1277 1718 hominem

135 1765 218 1829 illum
241 1764 336 1830 luisse
359 1783 399 1828 ex
421 1767 547 1847 semine,
570 1763 709 1828 subolem
733 1763 884 1846 mulieris,
908 1782 949 1825 ex
969 1764 1121 1846 sanguine
1144 1771 1175 1827 et
1197 1763 1316 1826 con-⁸⁶

136 1872 325 1954 cupisccutia
355 1871 470 1936 carnali
501 1873 589 1937 sicuti
621 1871 711 1934 etiarn
742 1870 878 1950 reliquos
907 1877 1029 1948 natum;
1066 1877 1097 1934 et
1126 1870 1204 1934 lnacc
1236 1872 1277 1935 ita

137 1981 209 2042 sese
231 1978 348 2042 habere
371 1978 563 2061 procedente
586 1994 731 2042 sermone
755 1977 846 2040 iacile
869 1979 1055 2042 evincamus.
1108 1977 1188 2042 Dicit
1218 1996 1278 2044 aa·

114 2095 194 2148 ‘tem
213 2087 317 2150 Simon
339 2085 503 2148 traducens
522 2085 623 2168 legem
634 2085 748 2167 Moysis
763 2085 941 2166 insipienter
961 2091 992 2147 et
1008 2085 1170 2150 malitiose.
1202 2083 1278 2150 Cum

136 2191 239 2256 lloses
262 2193 341 2254 enirn
366 2191 470 2256 dicite
492 2193 571 2256 deas·
589 2195 670 2272 ipsis
691 2192 872 2256 comburere
892 2200 922 2255 et
943 2211 1122 2256 mnsamsas
1143 2200 1199 2272 ert,
1223 2210 1278 2256 as-

136 2304 255 2378 sumpto
279 2315 328 2379 eo,
351 2298 432 2378 quod
452 2298 558 2362 lloses
581 2297 709 2382 dixerat,
733 2317 795 2361 non
819 2305 916 2382 recte,
937 2300 1041 2380 ignem
1064 2298 1136 2361 dicit
1158 2299 1320 2380 princi-ro

136 2405 217 2484 pium
240 2421 311 2468 ease
335 2406 480 2485 omnium,
504 2422 566 2467 non
590 2413 753 2486 perspecto
777 2423 834 2485 ec,
858 2403 941 2485 quod
965 2405 1076 2468 dictum
1101 2412 1163 2488 est,
1187 2406 1277 2470 deum

138 2527 200 2574 non
222 2512 336 2595 ignem,
355 2511 412 2574 sed
435 2513 539 2591 ignem
562 2513 792 2576 comburentem
816 2521 847 2575 et
876 2520 1105 2576 consumentem
1129 2530 1215 2596 esse,
1246 2515 1278 2578 in

137 2633 199 2698 quo
222 2635 286 2680 non
310 2618 407 2690 solum
429 2619 531 2701 legem
554 2619 650 2684 llosis
672 2620 830 2702 pervertit,
852 2617 909 2681 scd
932 2621 1021 2683 etiem
1051 2620 1276 2684 tenebricosum

135 2722 318 2786 Heraclitum
340 2724 522 2805 compilavit.
573 2725 721 2787 infinitam
747 2732 846 2788 autem
872 2742 943 2788 esse
966 2731 1149 2806 potestatem
1173 2705 1277 2791 Simon

135 2828 266 2910 appellat
288 2829 503 2894 universorum
525 2831 705 2912 principium
728 2830 774 2894 lais
797 2832 900 2894 verbis
923 2849 1012 2896 usus:
1041 2831 1100 2896 Hic
1121 2832 1200 2895 lider
1221 2839 1317 2894 re-ts

135 2936 299 2999 vedalionis
328 2938 414 3000 σσαλτ
442 2945 474 2999 ct
500 2938 631 3000 nominis
659 2958 701 3000 ec
735 2939 937 3018 inlellipentic
965 2957 1097 3019 mcpnce
1117 2940 1278 3020 potestatis

134 3043 282 3123 infinitae.
327 3043 522 3125 Quapropter
543 3046 604 3106 erit
626 3044 815 3125 obsipnntna
837 3045 1042 3122 absconditos,
1068 3047 1203 3123 celotes,
1225 3066 1280 3108 re-

131 3150 252 3230 positus
273 3150 307 3212 in
327 3151 514 3230 habitaculo,
536 3150 590 3213 odi
611 3153 707 3214 rodim
728 3153 941 3215 uniuersorum
961 3151 1094 3231 [ααάαισ
1116 3159 1170 3215 est.
1214 3151 1279 3215 lla-

137 3255 298 3320 bilaculum
329 3265 428 3320 autem
458 3255 531 3320 dicit
553 3274 624 3321 esse
646 3257 800 3321 hominem
824 3257 905 3321 hunc
928 3277 968 3321 ex
990 3261 1142 3342 sanguine
1166 3266 1280 3342 natum,

136 3368 169 3426 et
191 3362 414 3427 inhabitarem
439 3380 479 3426 eo
504 3363 650 3427 infinitam
679 3363 759 3427 illam
782 3370 984 3454 potestatem,
1020 3384 1110 3446 quam
1138 3366 1318 3430 radicemeo

136 3485 207 3531 esse
236 3471 452 3532 universorum
484 3472 533 3534 ait.
584 3471 638 3534 Est
660 3477 760 3533 autem
791 3469 906 3534 infinita
937 3479 1090 3556 poteslas,
1121 3491 1202 3554 quae
1233 3481 1280 3536 est

137 3577 227 3660 ignis,
251 3577 421 3641 secundum
444 3577 598 3642 Simonem
622 3595 685 3640 non
709 3577 840 3657 simplex
869 3578 1028 3660 quiddam,
1060 3580 1150 3642 sicuti
1182 3579 1279 3661 pleri-

136 3701 206 3766 que,
226 3686 276 3764 qui
298 3683 401 3748 dicunt
423 3685 568 3765 simplicia
592 3701 663 3746 esse
688 3690 830 3764 quattuor
854 3685 1015 3768 elementa,
1039 3689 1184 3769 etignem
1202 3689 1280 3750 sim-

135 3789 245 3871 plicem
271 3809 342 3854 esse
365 3798 565 3874 censuerunt,
587 3792 641 3854 sed
665 3793 745 3875 ignis
768 3790 885 3855 scilicet
908 3791 1058 3873 duplicem
1082 3811 1154 3858 esse
1178 3812 1279 3876 quan-

135 3983 334 4036 καταναλίσκων
350 3997 384 4051 pr
402 3978 438 4035 C:
458 3984 566 4053 φλέγων
583 4013 619 4028 -
636 3983 829 4036 καταναλίσκον
847 3979 950 4036 corrG
1073 3985 1117 4038 70.
1137 4001 1196 4057 sqq.
1235 3983 1277 4058 Gi.

135 4090 197 4126 cnm
216 4071 259 4126 trie
279 4081 308 4127 ct
326 4072 505 4144 sequentibus
525 4070 693 4128 Theodorei.
712 4077 791 4129 dicer.
809 4077 864 4142 scd.
886 4076 909 4139 l,
930 4075 942 4130 1
963 4083 991 4129 el
1009 4071 1157 4146 Epitoman
1174 4075 1244 4130 inira
1259 4076 1278 4128 1.

134 4160 171 4228 Χ,
201 4165 234 4218 12
256 4182 284 4236 p.
309 4165 372 4219 318.
398 4165 452 4218 319
479 4165 522 4219 ed.
548 4163 600 4218 01.
721 4167 765 4218 72.
793 4169 953 4238 plr'ycrrr-
970 4171 1170 4222 καταναλίσκων
1187 4184 1220 4237 pr
1238 4163 1277 4218 C:

134 4258 237 4328 pte'yer
253 4287 290 4301 -
306 4260 506 4311 καταναλίσκων
525 4273 587 4310 corr
606 4253 627 4310 C
742 4258 787 4312 74.
806 4257 1026 4330 σαλλαγωγῶνί]
1149 4258 1277 4312 75-79.

135 4343 178 4402 Cf.
197 4364 280 4418 snpra
298 4364 326 4419 p.
348 4348 408 4415 168,
426 4347 546 4404 22-25.
661 4348 706 4401 76.
724 4349 816 4417 φωνῆς
834 4379 869 4395 -
887 4352 1014 4410 ἐπινοίας.
1052 4344 1089 4402 Cl
1109 4344 1180 4400 inlrs
1199 4363 1223 4400 c.
1238 4346 1281 4418 ta

133 4457 162 4511 p.
180 4441 244 4504 24⁰,
262 4441 305 4494 35.
324 4440 371 4494 36.
483 4445 527 4499 77.
546 4437 592 4497 τσῦ
608 4436 796 4510 dnrpdmoc
