3056 4970
651 333 814 390 rutnans.
1248 331 1308 399 197

157 491 304 576 pendium
328 511 449 556 omnem
481 511 589 559 eorum
620 497 790 563 doctrinam
821 454 1037 584 explicemus:
1059 501 1159 583 placet
1188 502 1346 569 auderato

156 601 247 665 haee.
290 600 525 666 listseeuudum
544 603 612 668 illos
635 607 812 671 uniuersum
830 615 926 693 pater,
950 608 1039 694 filius,
1061 610 1198 676 materia.
1234 613 1304 676 llo-

155 727 225 773 rum
258 710 348 772 trium
379 711 621 794 unumquodque
653 713 784 778 inlinitas
820 713 913 778 habet
946 723 1116 797 potestates
1154 719 1185 782 in
1221 737 1302 790 sese.

157 814 308 880 Consedit
328 817 423 900 igitru
446 815 564 882 medius
586 819 667 882 inter
689 822 845 886 materiem
869 831 901 886 et
923 828 1043 904 patrem
1070 823 1169 907 lilius,
1198 826 1301 912 logne,

154 941 296 1008 serpeus,
319 939 445 1006 semper
468 942 539 988 sesa
561 943 689 990 movens
713 929 749 991 ad
773 930 928 994 immotum
952 935 1071 1011 patrem
1094 936 1125 992 et
1146 949 1216 994 sese
1230 951 1300 998 mo-

154 1037 279 1093 ventem
308 1032 484 1115 materiam,
517 1038 548 1094 et
579 1031 743 1114 aliquando
773 1036 903 1100 vertitur
931 1034 969 1100 ad
998 1043 1115 1116 petrem
1140 1043 1171 1100 et
1191 1040 1339 1120 reeipittu

151 1143 324 1220 potestates
356 1139 388 1201 in
421 1155 586 1220 personam
620 1158 725 1226 suam,
758 1151 921 1224 postquam
945 1151 1046 1207 autem
1068 1145 1184 1224 recepit
1205 1151 1299 1225 pote·
1425 1168 1429 1176 ¹

150 1250 266 1328 states,
301 1245 432 1308 uertitur
461 1246 498 1309 ad
528 1247 702 1328 materiem,
735 1255 767 1311 et
789 1251 935 1333 materia,
969 1267 1078 1312 oarens
1101 1249 1245 1331 qualitate
1267 1257 1299 1314 et

150 1352 261 1436 ligura,
284 1353 314 1416 in
337 1371 372 1416 se
394 1351 514 1434 effingit
536 1353 622 1417 ideas
646 1373 663 1418 a
686 1353 758 1438 lilio,
782 1373 858 1436 quas
881 1355 959 1419 lilius
982 1375 1000 1420 a
1024 1361 1112 1438 patre
1134 1357 1165 1419 in
1188 1374 1224 1421 se
1247 1358 1297 1420 el-

150 1459 247 1524 fiuxit.
302 1457 464 1543 Effingitur
491 1467 593 1524 autem
617 1460 695 1524 filius
719 1481 735 1524 a
760 1468 848 1542 patre
870 1462 1066 1527 ineffabiliter
1090 1470 1121 1526 et
1144 1464 1296 1528 inuooall-

148 1571 198 1628 tar
221 1573 252 1629 et
274 1566 464 1639 intransitive
487 1570 533 1630 sio
554 1568 597 1629 uti
620 1566 692 1630 dioit
705 1567 808 1631 lloses
827 1587 844 1631 a
862 1570 957 1652 uirgis
974 1588 1015 1632 ex
1037 1571 1202 1652 potisterils
1215 1584 1333 1634 oon-er

150 1672 266 1755 spiouis
280 1671 406 1736 llurrisse
423 1672 545 1736 colores
558 1682 780 1756 conceptorum
798 1673 925 1739 latuum.
958 1676 1100 1742 Similiter
1111 1685 1294 1741 autemrur-

147 1797 201 1843 sus
220 1779 310 1842 etiam
325 1796 342 1840 a
360 1777 422 1840 lilio
438 1779 470 1841 in
491 1781 647 1842 materiam
665 1779 794 1843 fluxisse
809 1786 981 1863 potestates
1003 1781 1156 1847 adinstar
1178 1782 1292 1848 inlata-

148 1887 242 1950 iionis
264 1886 425 1967 potestatis
448 1904 529 1967 quae
555 1885 750 1950 redundabat
771 1906 790 1951 a
808 1887 903 1970 virgis
933 1887 972 1951 ad
1000 1897 1170 1970 conceptus
1200 1891 1290 1954 letus.

144 1992 324 2056 Differeniia
346 1999 449 2057 autem
470 1993 609 2057 colorum
640 2000 671 2056 et
692 1992 916 2080 dissimilitudo,
939 2013 1019 2076 quae
1041 1995 1129 2060 fluxit
1151 2016 1170 2061 a
1194 2000 1289 2080 uirgis

145 2117 203 2183 per
224 2117 320 2180 aquas
341 2098 381 2163 ad
406 2116 495 2183 ores,
519 2098 707 2183 differentia,
730 2101 840 2184 inquit,
863 2103 1076 2183 generationis
1099 2110 1146 2166 est
1167 2112 1327 2168 morta-to

144 2207 182 2272 lla
205 2213 237 2270 et
258 2206 447 2271 immortalis.
498 2206 604 2270 Potius
637 2215 737 2270 autam
770 2209 849 2272 siout
877 2210 1010 2291 pingens
1043 2209 1081 2274 ab
1106 2211 1287 2276 animalibus

143 2311 218 2377 uilail
249 2311 394 2376 auleren's
425 2313 494 2376 stilo
518 2330 627 2377 omnes
649 2313 680 2376 in
703 2312 836 2377 tabulam
858 2313 1004 2378 uanslert
1026 2318 1149 2397 speeies
1170 2319 1286 2381 insari-

143 2417 264 2502 beudo,
294 2419 336 2480 ita
358 2417 437 2483 lilius
460 2426 613 2502 potestate
636 2437 691 2483 sua
713 2419 809 2501 ipsius
833 2438 850 2483 a
873 2428 961 2502 patre
984 2420 1023 2484 ad
1046 2423 1203 2486 materiam
1225 2442 1285 2504 pu-

141 2532 246 2589 ternas
277 2523 423 2588 transfert
452 2535 551 2590 notas.
610 2526 688 2591 Sunt
716 2527 807 2610 igitur
837 2525 940 2588 omnia
968 2533 1097 2606 paterna
1129 2526 1195 2611 hie,
1225 2546 1284 2592 neo

140 2631 317 2716 quidquam.
370 2631 448 2695 Nam
470 2634 496 2696 si
520 2633 598 2714 quis,
629 2633 734 2717 inquit,
766 2632 878 2695 valebit
902 2648 1008 2694 eorum
1016 2682 1026 2716 ,
1056 2633 1108 2714 qui
1130 2630 1180 2695 laio
1203 2641 1323 2720 suntet

139 2738 341 2822 perspexisse
370 2745 528 2821 paternam
560 2757 595 2804 se
623 2755 693 2802 esse
723 2745 826 2804 nolam
856 2737 991 2820 desuper
1013 2737 1190 2800 translatam
1212 2737 1283 2823 hue,

139 2847 450 2931 iuoarnatam‚‘quasi
473 2846 687 2926 gravidatione
709 2844 905 2909 redundante
925 2861 943 2907 a
966 2844 1063 2928 virga,
1086 2842 1187 2906 album
1211 2845 1282 2925 quid

138 2953 239 3016 lautus
262 2959 319 3035 est,
343 2951 481 3016 eiusdem
503 2957 632 3016 naturae
656 2970 724 3014 oum
747 2955 844 3034 patre,
867 2951 919 3031 qui
942 2959 989 3015 ast
1010 2951 1041 3012 in
1062 2949 1166 3032 oaalis,
1189 2950 1282 3030 peni-

138 3067 205 3141 tus,
235 3064 267 3120 at
294 3057 366 3120 illue
394 3059 575 3135 revertitur3
610 3059 657 3120 sin
686 3065 787 3120 autem
817 3056 935 3121 carebit
962 3055 1022 3120 hae
1051 3055 1192 3120 doctrina
1223 3074 1281 3120 nee

138 3165 355 3229 necessitatem
387 3163 549 3246 geniturae
579 3163 775 3246 intellexerit,
807 3169 840 3226 ut
871 3162 1044 3248 abortivus,
1076 3163 1133 3227 sub
1156 3171 1319 3230 noetemro

138 3278 244 3352 natus,
267 3268 323 3332 sub
346 3275 470 3332 noctem
492 3269 613 3351 peribit.
659 3269 788 3343 Quando
812 3270 920 3354 igitur,
942 3271 1055 3356 inquit,
1078 3271 1151 3334 dicit
1173 3270 1280 3336 salra-

134 3387 203 3442 tor:
238 3377 332 3440 l'uter
353 3383 454 3439 aester
462 3420 472 3452 ,
502 3377 568 3455 qei'
587 3383 633 3438 eat
662 3376 695 3438 io
720 3379 833 3460 caelia,
864 3377 944 3440 illum
969 3377 1056 3460 dicit,
1080 3396 1097 3438 a
1120 3395 1183 3458 quo
1207 3395 1278 3440 uuu-

134 3488 236 3547 tualus
258 3481 337 3544 lilius
359 3487 449 3544 notas
471 3479 621 3544 transtulit
651 3480 728 3561 huo;
761 3483 884 3565 quaudo
917 3487 1017 3546 eutem
1046 3483 1137 3546 dicit:
1173 3483 1278 3546 Vester

131 3597 225 3671 puter
250 3587 291 3652 ul>
318 3589 408 3652 initio
434 3587 587 3651 homicide
616 3595 679 3665 eat,
708 3589 878 3671 prinoipem
909 3593 940 3650 et
967 3586 1108 3670 opificem
1131 3589 1276 3650 materiae

134 3693 216 3780 dioit,
240 3696 290 3776 qui
313 3695 434 3776 recepit
454 3695 620 3758 traditase
643 3693 706 3758 lilio
730 3700 819 3758 notas
842 3701 874 3756 et
894 3693 945 3757 laio
966 3677 1138 3777 generavit,
1160 3694 1212 3775 qui
1229 3701 1315 3756 estu

134 3901 172 3960 G:
191 3903 228 3965 ὥς
245 3901 404 3970 inordinat
422 3919 497 3975 susp.
516 3899 547 3958 Μ
623 3903 686 3976 dori]
704 3905 774 3960 lma»
791 3900 814 3958 C
832 3901 862 3960 Μ
979 3903 1021 3959 15.
1046 3899 1213 3974 metipsum
1229 3901 1274 3972 τῷ]

130 4000 160 4052 dr
183 4000 300 4069 κὲσοημα
324 3995 351 4049 ad
374 3992 411 4050 G:
437 3996 583 4067 ἱγκίσοημά
606 4015 630 4050 ra
653 3996 681 4050 τὸ
704 3995 734 4052 M
850 3996 892 4051 17.
917 3993 978 4057 ὅλος
1003 3991 1025 4049 C
1048 3991 1079 4050 M
1155 3993 1202 4048 arari
1223 3995 1276 4046 last

130 4087 279 4160 ἀνέρχεται]
297 4091 413 4142 κατοικεῖ
430 4087 566 4160 a’rrdpprarm
585 4083 624 4142 C:
650 4087 709 4141 κατ’
735 4091 837 4142 olxaioea
861 4089 961 4161 ἔρχεται
985 4084 1016 4141 ld
1127 4086 1173 4139 20.
1199 4084 1273 4156 λέγῃ]

128 4177 240 4254 lipari}
354 4181 400 4235 20.
418 4180 464 4234 el.
484 4176 527 4234 (ll.
547 4176 643 4233 Marta.
663 4180 689 4244 7,
711 4179 758 4243 11ς
783 4180 809 4245 d,
828 4179 880 4244 a&
899 4179 974 4236 alibi.
1093 4177 1138 4232 22.
1158 4175 1203 4230 23.
1229 4173 1272 4228 Cl.

127 4269 179 4328 Er.
197 4269 239 4326 lo.
257 4271 290 4336 8,
313 4271 367 4334 lah
399 4270 477 4344 ὑμεῖς
499 4273 528 4323 ta
544 4271 590 4325 rod
606 4269 705 4342 πατρὸς
722 4271 766 4324 τοῦ
782 4269 911 4342 διαβόλου
929 4271 983 4327 ἐστὲ
999 4269 1047 4324 aad
1064 4268 1109 4329 τὰς
1126 4269 1273 4337 ἐπιθυμίας

125 4365 172 4418 rod
188 4361 288 4434 πατρὸς
305 4361 384 4434 alpais
400 4362 488 4416 dilata
505 4365 608 4416 ποιεῖν·
627 4363 726 4424 ἐκεῖνος
743 4361 966 4434 &seponendum
984 4356 1016 4427 ἦν
1028 4359 1076 4414 ἀπ’
1091 4357 1175 4430 ἀρχῆς
1183 4375 1207 4410 rr.
1214 4373 1234 4409 r.
1247 4357 1271 4408 λ.

126 4449 327 4525 Qfflmd
