3006 4976
632 345 809 404 naissitiii.
1223 341 1282 408 163

145 509 253 592 inquit,
287 509 368 588 quod
393 509 543 590 pascebat
565 527 676 592 capras
699 519 730 573 ei
753 527 871 594 capros,
907 517 939 573 ut
961 510 1097 593 psychici
1120 513 1283 597 appeliant,

144 616 200 680 sed
225 615 297 696 quia
320 621 376 698 est,
400 615 514 700 inquit,
537 612 687 691 αἰπόλος,
711 617 770 680 hcc
794 625 841 680 est
862 613 880 677 d
903 612 954 677 eet
974 615 1084 678 πολῶν
1107 627 1135 680 ei
1158 621 1283 684 vertens
1365 665 1368 672 -

145 729 176 785 ct
198 723 411 802 circumagens
435 723 610 786 universum
634 723 776 786 mundum
799 723 1014 787 conversione.
1066 722 1184 786 liciata
1204 729 1283 792 enim

143 827 297 911 significat
319 827 348 890 id
371 827 452 907 qnod
474 835 597 890 vertere
622 834 653 890 ct
675 834 863 892 commutare
885 845 957 905 res3
990 828 1082 912 unde,
1117 833 1220 916 inquit,
1253 840 1283 895 ct

145 935 236 998 ambo
260 939 364 998 centra
388 934 465 996 caeti
488 934 623 997 universi
649 934 801 1016 appeliant
822 932 920 1016 polos.
964 933 1000 1000 Et
1025 942 1118 1016 poeta
1142 937 1232 1000 dicit:
1292 958 1321 1005 oo

320 1035 478 1100 limistrm
505 1039 627 1120 quidem
650 1039 711 1103 huc
734 1057 831 1102 senex
855 1039 989 1102 mannus
1008 1057 1102 1104 verax

321 1141 499 1209 immortalis
522 1145 651 1210 Proteus
674 1146 854 1229 Aegyptius,

144 1267 206 1312 non
230 1231 445 1332 venumdatur,
468 1253 580 1335 inquit,
602 1251 658 1313 sed
681 1261 822 1316 versatur
844 1252 885 1314 ihi
909 1257 1059 1331 tamquam
1084 1257 1115 1314 et
1134 1251 1282 1312 circumit.

144 1354 207 1418 iarn
231 1355 332 1438 urbes,
363 1357 393 1418 in
423 1357 533 1437 quihus
563 1356 750 1439 habitamus,
782 1357 852 1439 quia
883 1373 1042 1420 versamur
1074 1361 1105 1418 et
1137 1354 1283 1416 circumi-

144 1479 212 1523 mus
235 1461 267 1522 in
290 1461 337 1543 iis,
360 1468 391 1526 et
412 1459 522 1535 adisse
542 1470 699 1535 ¹siccantur.
744 1463 798 1547 ita,
821 1463 926 1545 inquit,
949 1461 1085 1545 Phryges
1107 1463 1322 1542 caprariamos

146 1551 318 1650 (uindico)
349 1582 418 1630 aum
450 1567 620 1654 appeliant,
651 1569 702 1651 qui
725 1587 848 1650 semper
871 1570 972 1632 omnia
994 1567 1024 1630 in
1049 1585 1157 1631 omnes
1182 1575 1285 1650 partes

146 1673 240 1734 vertit
261 1680 293 1736 et
316 1680 480 1738 commutat
504 1675 542 1738 ad
567 1674 746 1740 domestica.
797 1677 917 1739 Vocant
939 1680 1039 1738 autem
1063 1691 1151 1758 eum,
1180 1675 1284 1756 inquit,

144 1786 177 1841 et
197 1779 334 1858 [meacm
357 1779 510 1864 Phrygas,
543 1782 613 1862 quia
640 1783 762 1862 piures,
795 1781 908 1865 inquit,
938 1775 1031 1843 liberi
1051 1781 1164 1844 aidane
1183 1783 1286 1862 potios

146 1906 240 1967 ᾳιιαια
262 1887 343 1964 mus,
366 1907 446 1968 paroc
467 1887 739 1965 inimicantium,
770 1885 831 1949 hoc
854 1891 902 1950 est
923 1873 1021 1949 renati
1043 1885 1230 1950 immortales
1254 1894 1285 1950 ct

146 2009 274 2073 semper
294 2001 511 2074 permanentes
532 1999 603 2056 sunt
626 1993 726 2078 inuiti,
758 1992 875 2055 etiamsi
898 1993 986 2073 pauci
1012 1993 1073 2055 sint
1094 1993 1174 2070 naii;
1211 2011 1323 2060 cnr-ro

145 2098 234 2162 nates
258 2105 367 2182 antem,
389 2099 497 2183 inquit,
520 2097 627 2162 caduci
651 2115 773 2182 omnes,
796 2099 913 2162 etiamsi
935 2099 996 2160 sint
1017 2098 1101 2161 muiii
1122 2078 1288 2162 admodum

147 2205 223 2267 nati.
266 2203 451 2285 Propterea,
473 2205 586 2288 inquit,
603 2203 752 2284 ptarnhnt
771 2203 889 2268 Rachel
906 2205 987 2283 sities
1009 2223 1081 2266 ιααι
1103 2211 1136 2266 et
1153 2204 1284 2287 unledai,

147 2309 256 2392 inquii,
278 2311 433 2372 consolari
455 2307 623 2392 deplorans
644 2329 714 2393 eos,
745 2317 839 2372 norm
856 2311 950 2388 enim,
980 2311 1093 2393 inquit,
1125 2329 1187 2373 non
1208 2329 1285 2374 esse.

144 2415 243 2497 Luget
266 2421 366 2480 autem
391 2415 482 2479 etiam
505 2415 675 2480 Hieremias
697 2432 777 2497 quae
799 2414 877 2479 inira
908 2422 956 2478 est
984 2415 1190 2499 Hierusalem,
1221 2434 1283 2480 non

145 2518 330 2583 Phoenicius
360 2522 483 2605 urbem,
513 2521 569 2584 sed
592 2539 672 2602 qnae
694 2519 774 2583 inira
800 2521 847 2583 es't
869 2522 1102 2603 generationem
1126 2518 1282 2584 caducam.
1293 2541 1322 2588 re

148 2625 346 2708 Cognoverat
370 2627 467 2710 enim',
490 2626 601 2710 inquit,
624 2627 714 2690 etiam
737 2627 906 2690 Hieremias
928 2624 1098 2706 perfectum
1121 2625 1285 2708 hominem,

144 2741 287 2796 renatum
310 2751 350 2795 ex
374 2751 452 2815 aqua
475 2740 507 2796 et
528 2733 644 2816 spiritu,
667 2749 730 2795 non
753 2731 917 2794 carnalem.
962 2730 1030 2812 ipse
1051 2729 1191 2813 proiecto
1208 2732 1285 2793 iiie-

146 2839 260 2902 remias
283 2837 420 2903 dioehst:
447 2837 543 2901 Homo
566 2846 664 2902 estet
685 2840 754 2921 quis
777 2844 942 2917 cognoscet
961 2838 1053 2899 mm?
1094 2835 1156 2917 ita,
1180 2837 1285 2921 inquit,

151 2951 200 3007 esi
223 2942 387 3008 admodum
409 2943 563 3026 protunda
585 2951 616 3007 et
638 2939 769 3007 difficilis
791 2941 1015 3024 comprehensa
1038 2941 1166 3025 perfecti
1180 2942 1284 3006 horni-

149 3049 199 3110 nis
222 3050 369 3131 cognitio.
414 3049 533 3113 initiam
556 3049 647 3133 enim,
669 3050 775 3133 inquit,
798 3047 998 3130 perfectionis
1021 3047 1156 3132 cognitio
1180 3048 1321 3118 homi-ec

147 3155 207 3238 nis,
230 3155 279 3217 dei
302 3161 402 3218 autem
420 3154 564 3236 cognitio
588 3153 727 3218 absolata
751 3153 909 3235 perieciic.
954 3154 1065 3216 Dicunt
1086 3161 1283 3239 autemeam,

145 3261 252 3344 inquit,
274 3259 410 3345 Phryges
434 3263 524 3324 ctiam
549 3261 680 3324 nitidem
701 3259 831 3322 cristam
852 3261 1020 3322 &messam
1041 3266 1073 3322 et
1096 3266 1166 3340 post
1185 3260 1284 3343 Phry·
1311 3309 1313 3320 .
1342 3251 1347 3258 ⁴

144 3383 203 3450 ges
224 3367 448 3452 Athenienses,
481 3367 636 3430 initiantes
664 3365 818 3428 Eleusinia
843 3373 874 3428 et
895 3364 1142 3428 demonstrantes
1165 3369 1285 3448 epoptis

140 3487 286 3556 magnum
310 3481 343 3536 et
364 3472 502 3536 mirahiie
524 3477 555 3538 et
576 3469 831 3554 perfectissimam
854 3471 1026 3553 epopticnm
1048 3471 1090 3534 ihi
1110 3473 1284 3553 mysterium

142 3595 199 3659 per
221 3579 383 3662 sitentium,
407 3577 580 3643 demessam
613 3579 746 3641 aristam.
772 3575 874 3640 Ariste
897 3583 998 3640 autem
1022 3575 1100 3639 haec
1124 3583 1170 3639 est
1192 3579 1321 3641 etiamen

146 3683 229 3765 apud
251 3683 460 3748 Athenienses
483 3683 521 3748 ah
542 3683 710 3767 ineffigiata
735 3681 892 3764 [delapsus
913 3681 1003 3766 iilius]
1035 3681 1190 3763 perfectus
1215 3702 1283 3747 ma-

141 3885 181 3921 ora
197 3866 283 3920 natta
301 3866 331 3920 sd
348 3868 423 3920 τέκνα
439 3867 482 3933 τῆς
497 3866 597 3938 ipsipsaa
614 3865 718 3938 patior
735 3867 751 3932 ἢ
767 3865 810 3933 τῆς
835 3865 944 3939 ἐχούσης
966 3865 1011 3920 τὸν
1046 3863 1141 3936 ἄνδρα.
1250 3867 1285 3918 46

142 3957 231 4012 -48,
258 3953 301 4012 ci.
320 3954 418 4012 Metti.
436 3959 470 4021 2,
495 3957 529 4013 is
540 3956 634 4028 Ῥαχὴλ
651 3959 779 4010 κλαίουσα
797 3956 828 4010 ad
845 3959 921 4010 τέκνα
938 3955 1016 4022 αὐτῆς
1032 3955 1079 4007 καὶ
1097 3955 1145 4009 cdx
1162 3955 1284 4022 ἠθέλησεν

141 4049 361 4118 crapulatione,
387 4047 425 4102 dn
450 4047 499 4102 odae
526 4049 599 4101 siaiu.
643 4043 746 4100 lenem.
765 4046 815 4109 3¹,
837 4047 868 4100 15
888 4047 970 4113 Φωνὴ
987 4045 1113 4118 ὲνῬαμᾷ
1130 4045 1230 4112 headda
1248 4077 1283 4090 -

134 4138 232 4210 Ῥαχὴλ
255 4139 467 4212 ἅπαιλαιαμένης
492 4137 536 4190 int
560 4137 611 4190 ruia
635 4137 702 4190 oiair
726 4137 811 4204 αὐτῆς,
836 4137 884 4191 καὶ
897 4136 946 4192 acie
965 4125 1057 4204 ἢθελεν
1074 4136 1284 4206 παρακληθῆναι,

144 4225 184 4281 ὅτι
203 4227 251 4282 aa’ar
269 4232 343 4283 siaiu.
413 4231 458 4283 46.
477 4231 563 4282 ἔκλαιε
580 4244 674 4297 margo
693 4225 715 4282 C
733 4225 777 4282 ii:
802 4229 877 4296 ἔλαβε
896 4223 918 4280 C
990 4227 1034 4282 52.
1054 4225 1098 4279 53.
1125 4221 1283 4286 teremit,

141 4321 158 4374 9
186 4323 292 4374 Badrin
317 4321 332 4387 ἡ
355 4321 455 4391 καρδία
479 4319 554 4389 παρὰ
579 4319 681 4383 πάντα,
706 4320 753 4372 καὶ
771 4317 917 4388 ἅνθρωπός
934 4321 1016 4372 ianr·
1043 4315 1090 4370 uni
1105 4319 1142 4376 rie
1159 4315 1286 4386 γνώσεται

142 4410 240 4474 adme,-
349 4413 465 4466 hie—56.
481 4409 556 4482 ’Appi
574 4443 610 4456 -··
627 4407 764 4485 τελείωσις]
784 4408 827 4466 tii.
847 4426 929 4480 supra
948 4427 975 4480 p.
998 4409 1056 4472 iau.
1075 4407 1158 4479 otisq.

928 4503 997 4568 li·
