3006 4976
603 331 782 390 NAASSENI.
1052 407 1055 426 Ι
1215 325 1277 392 145

125 493 224 554 euciis
252 499 315 570 ort,
344 493 398 574 ptri
427 495 506 556 oriri
527 495 613 558 iubet
631 497 727 558 sotem
748 515 834 558 ouum
856 513 950 576 super
971 496 1068 558 iustos
1090 503 1121 558 et
1141 497 1272 559 iniustos

127 607 160 662 et
186 600 267 680 ptuit
290 618 386 680 super
409 609 535 665 ronotor
564 610 595 664 et
617 611 808 684 peccatores.
864 603 921 676 Oui
950 610 1049 665 eutem
1081 604 1139 665 sint
1163 606 1271 687 suncti,

130 705 240 786 quibus
263 705 345 788 pluit,
369 713 402 769 ot
424 715 616 793 peccatores,
640 708 750 790 quibus
773 708 855 771 idem
879 708 963 792 pluit,
987 709 1100 773 etune
1124 727 1192 772 eum
1215 729 1272 774 re-

127 813 220 894 liquis
242 813 370 896 pustino
393 813 541 880 dicemus.
591 817 628 878 Et
658 815 718 879 hoe
741 833 812 878 esso
836 833 980 898 magnum
1004 823 1035 878 et
1058 816 1311 886 absconditumeo

130 921 345 984 universorum
374 929 405 984 et
428 924 565 1006 ignotum
589 925 765 1005 mysterium
790 923 869 1005 opud
894 924 1064 1006 Aegyptios
1085 925 1218 988 volutum
1242 933 1272 986 et

128 1028 306 1091 revelatum.
352 1027 449 1092 Osiris
472 1031 562 1112 enim,
585 1031 691 1113 inquit,
715 1036 763 1092 est
783 1031 813 1093 in
838 1030 952 1112 tempto
977 1038 1048 1093 onte
1070 1031 1188 1112 isidem,
1213 1050 1272 1096 ou-

127 1135 176 1198 ius
200 1140 259 1197 stet
282 1135 397 1199 nudum
419 1136 595 1218 pudendum
619 1155 739 1200 sursum
763 1145 908 1219 spectans
931 1143 963 1200 ot
985 1155 1093 1201 omnes
1115 1155 1189 1201 suos
1204 1138 1273 1201 iru-

129 1249 198 1306 otus
223 1245 416 1308 existentium
439 1252 629 1308 coronatum.
684 1245 772 1308 Stare
802 1251 903 1307 entem
932 1261 995 1308 non
1017 1245 1116 1308 solnm
1142 1247 1172 1308 in
1196 1263 1273 1308 son-

130 1350 273 1414 otissimis
291 1351 421 1432 primum
442 1351 602 1433 signorum
625 1352 743 1432 templis
764 1350 867 1414 dieunt
887 1351 947 1414 hoo
966 1351 1037 1435 tole,
1060 1369 1167 1415 verum
1180 1353 1312 1416 etiemto

130 1459 161 1521 in
191 1459 325 1522 omnium
356 1459 511 1542 notitiam,
541 1465 684 1540 touqunm
713 1458 814 1521 iumen
845 1475 908 1520 non
930 1457 986 1521 sub
1008 1456 1112 1521 modio
1136 1457 1190 1522 sed
1214 1475 1272 1522 ru-

134 1584 191 1648 per
212 1565 429 1630 condolebmm
449 1567 591 1651 positum,
614 1567 813 1647 praeconium
836 1564 1044 1647 praedicatum
1067 1565 1096 1626 in
1119 1567 1218 1648 tectis,
1243 1567 1271 1628 io

135 1671 276 1735 omnibus
305 1672 363 1736 viis
397 1681 429 1736 et
460 1674 601 1738 omuibus
633 1671 743 1755 pluteis
778 1679 809 1736 et
844 1671 882 1736 nd
918 1673 1001 1753 ipsos
1033 1671 1141 1755 redes,
1180 1671 1270 1735 finem

129 1778 283 1860 quendem
306 1786 337 1842 ot
358 1781 518 1844 terminum
543 1780 663 1844 redium
687 1781 905 1862 praepositum,
928 1785 960 1842 et
981 1779 1042 1844 hoo
1065 1779 1270 1844 essebonum

130 1887 169 1952 nb
200 1886 340 1952 omnibus
370 1886 491 1953 dietum.
548 1886 724 1952 Boniiornm
748 1887 828 1949 enim
852 1885 883 1948 id
904 1894 1031 1970 nocent,
1061 1887 1145 1969 quod
1167 1886 1292 1952 dieuntt

130 1996 321 2080 ignorantes,
353 2005 385 2061 et
406 1981 475 2058 hoo*
490 1993 601 2060 Groeoi
624 1996 782 2078 mysticum
806 1994 844 2059 ab
866 1993 1027 2078 Aegyptiis
1051 1995 1176 2059 nsoitum
1199 2013 1271 2058 ser-

131 2103 265 2166 suntad
288 2102 370 2166 huno
393 2103 484 2167 diem.
530 2104 648 2184 Quippe
670 2103 808 2187 Hermes,
831 2101 937 2186 inquit,
962 2103 1041 2184 opud
1065 2119 1121 2167 eos
1136 2101 1271 2166 toiioui-

129 2216 179 2274 tos
202 2209 307 2274 habitu
329 2211 543 2292 conspicimus.
594 2208 760 2292 Cylleniom
783 2216 884 2274 outorn
909 2211 1021 2274 eximio
1043 2207 1183 2274 colentes
1206 2207 1272 2272 Lo-

132 2319 216 2400 gium
244 2317 359 2384 dicunt.
403 2320 533 2384 tiermes
557 2322 605 2380 ost
627 2316 709 2382 enim
734 2315 848 2401 Logus,
877 2317 928 2400 qui
959 2317 1113 2399 interpres
1146 2321 1177 2379 et
1211 2312 1296 2383 tie-o

130 2428 268 2509 miurgus
291 2444 414 2512 oomm,
444 2444 526 2508 quoe
550 2424 631 2490 iacta
653 2430 724 2487 sunt
746 2441 888 2506 quaeque
911 2423 986 2488 fiunt
1008 2439 1149 2506 quosque
1172 2423 1270 2486 tuturo

132 2544 219 2623 sunt,
253 2538 333 2621 apud
364 2555 421 2603 eos
451 2538 550 2602 cuitus
580 2543 639 2601 stot
666 2536 718 2600 toti
741 2535 873 2617 quodem
898 2530 1194 2617 augiensium,
1224 2531 1275 2612 qni

133 2645 256 2730 quidem
287 2653 334 2708 est
360 2643 535 2728 pudendum
566 2643 698 2706 hominis
735 2641 773 2706 ob
804 2639 1004 2705 interioribus
1039 2638 1078 2704 od
1111 2637 1272 2720 superiore

131 2753 278 2833 impetum
307 2751 435 2815 hebens.
484 2749 524 2813 Et
552 2766 624 2814 osso
645 2748 745 2832 huno,
778 2747 839 2812 hoo
862 2754 909 2811 est
930 2746 1022 2810 telem
1044 2744 1126 2809 iilum
1148 2744 1275 2807 Merou-

131 2859 222 2942 rium,
244 2859 409 2922 animorum
433 2857 607 2941 duetorem,
629 2857 741 2938 inquit,
766 2863 797 2919 et
817 2853 960 2918 comitem
986 2860 1017 2917 et
1041 2860 1210 2935 ouotorem,
1233 2855 1314 2913 new

129 2974 243 3050 poetes
265 2965 388 3048 quidem
415 2965 606 3031 ethnicorum
629 2963 708 3046 sugit
729 2962 867 3028 dieentes
890 2961 956 3028 sio:

303 3113 472 3177 Mercurius
494 3119 596 3175 autern
617 3111 737 3174 animos
761 3111 916 3192 Cyllenius
938 3101 1089 3172 eoooobot

307 3219 446 3284 Virorum
466 3237 641 3302 procorum,

130 3364 195 3410 non
216 3347 409 3430 Penelopae,
430 3346 542 3430 inquit,
565 3364 584 3409 o
608 3343 730 3426 miseri,
753 3359 927 3425 procorum,
950 3339 1007 3402 sed
1031 3337 1274 3423 expergefacto-

130 3471 199 3518 rum
223 3463 254 3520 et
277 3455 512 3536 admonitorem,
1284 3445 1313 3493 to

304 3583 356 3647 Ee
377 3582 462 3664 quoii
483 3580 600 3644 honore
622 3585 653 3642 ot
673 3584 789 3660 quanm
808 3576 899 3658 eopia
920 3575 1086 3653 beatitatis,

132 3801 239 3858 intono
257 3797 278 3856 C
296 3799 327 3856 Μ
405 3791 447 3876 oo']
467 3797 557 3874 οὐχί)
664 3800 709 3854 38.
740 3799 855 3872 πρῶτον]
879 3796 932 3869 πρὸ
959 3795 1009 3848 τῶν
1036 3788 1058 3846 C
1085 3787 1115 3844 Μ
1231 3790 1276 3843 to.
1329 3825 1334 3836 .

6 3949 7 3954 ,
134 3893 186 3964 οὑχ
204 3909 249 3946 om
269 3889 305 3954 (ἔς
332 3891 368 3946 ci.
386 3890 453 3947 Luc.
478 3893 523 3956 ll,
542 3893 591 3956 ³3;
619 3888 717 3944 Matio.
737 3891 769 3954 5,
792 3889 841 3952 i5;
867 3885 952 3940 More.
972 3887 998 3948 t,
1017 3883 1066 3948 ot;
1094 3877 1162 3937 Luo.
1181 3881 1212 3944 8,
1235 3881 1276 3933 to.

131 3986 178 4042 41.
199 3982 240 4040 Ci.
261 3983 358 4040 Mattio.
381 3986 421 4049 to,
439 3987 493 4048 273
512 3981 579 4038 Luc.
596 3983 671 4048 i2‚3.
749 3983 793 4036 46.
815 3980 922 4053 Ἕρμεῖς
940 3975 962 4030 C
980 3973 1008 4030 M
1087 3968 1277 4031 47.or'rroirsC

133 4079 180 4133 47.
199 4077 243 4132 48.
264 4077 406 4144 Κυλλήνιοι
423 4073 445 4131 C
460 4073 489 4131 Μ
573 4075 689 4130 48-50.
715 4073 799 4145 λόγον
816 4070 894 4144 (poet
911 4069 981 4143 γάρ·
1012 4065 1110 4139 Ἑρμῆς
1128 4062 1276 4133 imityos

131 4165 262 4240 ἓρμηνεῦς
280 4199 316 4212 -
332 4167 486 4238 γινομένων
503 4164 549 4218 καὶ
566 4162 728 4234 turpinum)-
749 4158 771 4215 C
790 4158 818 4213 Μ
927 4159 971 4212 ut.
992 4155 1107 4222 αἰδοῖον]
1128 4149 1237 4224 αἰσχύνη
1256 4145 1293 4202 C-

132 4261 178 4314 52
198 4255 307 4330 ἔχωνῦ
416 4258 460 4314 56.
480 4257 525 4311 57.
548 4251 632 4308 Hom.
650 4251 704 4308 od.
723 4255 767 4316 24,
788 4253 813 4306 i.
922 4251 966 4305 58.
995 4249 1083 4318 φησίν,
1102 4237 1134 4316 oi]
1154 4242 1235 4310 φησὶν
1252 4242 1279 4292 oi

133 4347 173 4406 G:
199 4349 284 4421 φασὶν
302 4350 329 4402 oi
344 4347 373 4403 Μ
463 4350 507 4404 60.
526 4348 554 4408 it
575 4347 631 4410 rinc
648 4345 722 4416 τιμῆς
739 4345 786 4398 troi
803 4343 841 4417 pr}
858 4342 904 4396 stoi
922 4340 958 4402 ὥς
980 4337 1059 4406 ὄλβον
1079 4330 1116 4394 (ἒς
1142 4328 1278 4386 cintius-

130 4441 243 4516 pedooi.
261 4459 287 4496 r.
306 4441 359 4498 365
380 4439 470 4502 Sion.
489 4457 515 4493 n.
535 4439 597 4492 390.
618 4433 705 4490 Stein.
