3050 4988
591 315 739 374 nundus,
1185 313 1243 378 33]

101 459 208 547 uilium
231 491 262 546 et
284 501 367 565 earn,
394 500 475 563 quae
500 501 556 564 per
577 482 636 548 bos
662 483 879 570 cognoscitur,
901 483 1151 550 innominabilem
1174 494 1248 568 pot-

102 595 232 654 estatem
250 589 344 674 Sigae
359 598 391 654 et
404 590 567 656 universos
583 609 710 657 aeones.
741 593 776 656 Et
797 592 859 656 hoc
882 591 1065 677 (sesemen)
1089 613 1159 657 esse
1182 596 1287 675 spi-oo

100 697 193 761 ritum
216 697 247 760 in
271 715 328 781 eo,
351 697 488 762 locutum
510 715 566 779 per
600 716 637 764 os
666 698 747 783 billi,
775 700 950 764 contessum
980 708 1079 766 semet
1102 718 1173 765 esse
1195 701 1250 764 Fi-

101 807 176 870 lium
198 805 349 889 hominis,
380 814 409 869 et
439 806 491 887 qui
519 806 761 871 manifestaverit
792 807 924 889 Patrem,
958 813 1120 890 postquam
1151 817 1249 872 autem

102 913 319 978 descendisset
340 913 372 976 in
394 913 514 998 lesum,
542 915 658 978 unitum
689 932 760 978 esse
783 933 852 978 com
876 932 925 978 eo.
981 914 1020 977 Et
1042 914 1156 978 deiecit
1177 917 1250 997 qui-

102 1021 174 1084 dem
197 1027 348 1104 mortem,
378 1021 479 1105 aiunt,
512 1023 564 1103 qui
587 1039 626 1084 ex
649 1021 879 1103 dispensatione
903 1030 950 1087 est
972 1022 1123 1108 Salvator,
1145 1029 1250 1087 notum

102 1135 206 1191 autem
229 1126 302 1191 lecit
329 1128 450 1192 Patrem
473 1128 623 1192 Christum
655 1130 794 1214 [lesum].
846 1131 923 1194 Esse
957 1131 1051 1215 igitur
1079 1131 1120 1195 ait
1151 1133 1290 1196 locemus

101 1233 228 1316 quidem
250 1252 362 1298 nomen
385 1233 533 1321 bominis,
555 1238 607 1318 qui
631 1255 670 1300 ex
693 1236 921 1319 dispensatione
945 1244 1007 1319 est,
1036 1239 1169 1320 positum
1193 1258 1252 1302 au-

101 1351 166 1406 tern
194 1359 266 1409 esse
301 1342 337 1405 ad
374 1341 598 1406 assimilandum
638 1352 668 1408 et
698 1344 937 1408 adumbrandum
969 1345 1052 1409 illurn
1083 1346 1254 1431 Hominem,

102 1452 158 1532 qui
181 1458 249 1514 erat
270 1453 301 1514 in
326 1451 424 1534 ipsum
448 1449 671 1534 descensurus,
700 1471 791 1534 quern
813 1455 844 1516 in
867 1471 902 1517 se
925 1452 1105 1535 recipiendo
1128 1453 1251 1519 babue-

101 1559 163 1642 rit,
186 1565 218 1621 et
239 1575 309 1623 esse
331 1559 429 1639 ipsum
451 1558 625 1644 Hominem,
654 1559 753 1642 ipsum
782 1560 918 1646 hugum,
953 1562 1052 1643 ipsum
1079 1561 1198 1625 Patrem
1221 1569 1253 1624 et

100 1664 267 1730 Arrhetum
290 1672 321 1729 et
343 1666 436 1749 Sigen
460 1673 492 1730 et
513 1667 678 1730 Veritatem
699 1676 730 1733 et
753 1668 921 1733 Ecclesiam
945 1675 977 1731 et
998 1668 1106 1732 vitan.
1260 1676 1272 1727 1

192 1775 244 1837 52.
287 1773 326 1838 Et
355 1773 434 1838 haec
463 1774 587 1856 quidem
620 1774 811 1840 manifestum
851 1794 922 1840 esse
956 1775 1068 1857 opinor
1101 1775 1253 1860 omnibus,

103 1881 157 1964 qui
186 1887 257 1944 sunt
285 1899 362 1945 sana
389 1891 510 1966 mente,
542 1901 633 1965 quam
667 1885 726 1947 sint
764 1887 866 1966 inepta
898 1883 1057 1968 longeque
1089 1890 1252 1948 remotae

103 1988 286 2073 cognitione
308 2006 403 2052 verae
425 1987 510 2072 fidei,
541 2008 609 2053 curn
632 1993 694 2055 sint
715 1991 842 2054 lrustulu
865 1989 1072 2073 astrologicae
1093 1991 1253 2056 inventio-

106 2098 154 2160 nis
177 2106 207 2161 et
230 2096 451 2180 Pythagoricae
481 2099 554 2161 artis
582 2097 803 2180 arithmeticae,
838 2099 926 2162 sicuti
958 2097 1098 2162 discendi
1121 2098 1276 2166 studiosis

105 2206 319 2288 prospicietis,
352 2223 420 2268 cum
455 2208 485 2268 in
516 2208 571 2290 iis,
607 2224 687 2287 quae
720 2205 849 2270 antehac
882 2205 1140 2290 elucubravimus,
1176 2206 1255 2270 buce

107 2311 218 2393 placita
242 2313 385 2393 exposita
409 2313 479 2378 sint.
533 2312 595 2379 Sed
625 2331 686 2395 quo
714 2314 848 2394 apertius
877 2314 1075 2380 ostendemus
1103 2312 1161 2377 boa
1192 2331 1253 2376 non

109 2417 222 2483 Christi
254 2437 326 2484 esse
350 2419 537 2504 discipulos,
573 2419 628 2485 sed
650 2420 863 2504 Pythagorae:
897 2422 988 2484 etiam
1019 2438 1142 2504 eorum,
1175 2437 1254 2503 quae

106 2526 147 2589 de
169 2527 315 2591 meteoris
338 2532 490 2590 astrorum
523 2527 561 2590 ab
588 2527 626 2591 iis
653 2527 869 2610 decantantur,
906 2534 1050 2610 quantum
1080 2545 1137 2610 per
1165 2545 1253 2592 eom-

105 2776 213 2840 Filium
236 2784 267 2841 et
289 2795 372 2861 eam,
405 2796 485 2860 quae
507 2795 566 2860 per
595 2796 650 2842 eos
679 2779 881 2862 cognoscitur
911 2778 1136 2842 innominabilis
1158 2779 1253 2841 virtus

106 2885 218 2970 Sigea,
242 2893 272 2948 et
294 2903 402 2950 omnes
426 2903 552 2951 aeonas.
598 2886 635 2949 Et
662 2885 743 2948 bunc
773 2904 844 2949 esse
865 2885 1023 2968 spiritum,
1052 2887 1103 2968 qui
1134 2884 1255 2948 loculus

107 2999 156 3056 est
178 3011 234 3074 per
257 3009 293 3056 os
315 2992 403 3075 lesu,
426 2995 477 3074 qui
500 3009 535 3056 se
559 2993 722 3057 confessos
745 3001 793 3057 est
814 2993 919 3056 Filium
942 2991 1073 3057 hominis
1097 3001 1128 3056 et
1153 2993 1253 3057 mani-

108 3101 229 3164 leslavit
258 3100 395 3184 Patrem,
429 3100 624 3165 descendens
647 3101 769 3182 quidem
792 3103 821 3165 in
845 3101 966 3184 lesum,
988 3104 1090 3166 unitus
1114 3109 1170 3166 est.
1216 3101 1255 3165 Et

108 3207 261 3271 destruxit
283 3206 406 3289 quidem
430 3215 576 3290 mortem,
601 3210 659 3290 ait,
683 3209 735 3291 qui
759 3209 814 3272 luit
835 3227 876 3271 ax
898 3208 1100 3291 dispositione
1122 3210 1256 3273 salvator

106 3315 211 3399 lesus,
236 3315 362 3399 agnovit
388 3322 488 3380 autom
512 3315 632 3378 Patrem
657 3315 817 3379 Christum.
869 3316 969 3379 lesum
997 3333 1068 3380 esse
1093 3334 1171 3399 ergo
1195 3335 1257 3381 no-

107 3441 179 3486 men
202 3423 324 3504 quidem
348 3425 430 3507 eius,
453 3425 505 3504 qui
528 3432 574 3487 est
597 3442 637 3487 ex
660 3424 862 3505 dispositione
883 3423 990 3508 horno,
1015 3423 1101 3500 dicit,
1125 3425 1257 3506 positum

109 3535 211 3594 autem
236 3546 307 3593 esse
330 3529 361 3592 in
385 3531 634 3594 assimilationem
656 3539 687 3594 et
713 3530 927 3614 figurationem
956 3508 1051 3615 eius,
1070 3533 1122 3613 qui
1151 3532 1258 3612 incipit

107 3639 140 3700 in
163 3655 233 3700 curu
256 3636 466 3722 descendere,
490 3639 641 3722 Hominis,
666 3656 757 3720 quern
781 3639 952 3720 capientem
977 3638 1094 3703 babere
1110 3647 1141 3701 et
1158 3640 1257 3721 ipsum

108 3733 267 3808 Hominem
290 3750 322 3807 et
346 3745 443 3825 ipsum
466 3743 575 3828 Lepon
600 3751 631 3808 et
653 3744 771 3808 Patrem
802 3753 833 3808 et
863 3744 1019 3809 Arrheton
1052 3754 1083 3809 et
1110 3747 1203 3829 Sigen
1227 3753 1259 3810 et

108 3850 250 3914 Alethian
274 3859 304 3914 et
325 3851 495 3915 Ecclesiam
518 3860 550 3915 et
571 3853 666 3916 Zoen.
711 3853 776 3918 Ele.

192 3957 265 4039 Cap.
292 3955 341 4042 lo,
365 3956 392 4022 l.
438 3959 674 4023 Generationem
697 3962 800 4042 itaque
822 3977 953 4023 aeonum
977 3966 1007 4021 et
1030 3979 1167 4024 errorem
1191 3961 1257 4025 ovis

110 4074 141 4129 et
171 4066 418 4130 adinventionem
448 4067 618 4132 adunantes
647 4071 678 4132 in
709 4087 800 4132 unum
832 4069 960 4150 mystice
989 4068 1104 4132 audent
1134 4087 1258 4131 annun-

108 4311 180 4381 etot]
199 4327 234 4365 au
248 4309 352 4376 'lanarii
449 4313 493 4368 56.
519 4313 575 4367 Kal
593 4311 711 4389 καθεῖλε]
731 4315 847 4368 Kndsile
866 4310 888 4367 C
906 4311 936 4367 M
1026 4311 1070 4366 57.
1088 4315 1118 4366 tx
1136 4311 1177 4377 τῆς
1196 4305 1256 4384 olm]

112 4407 141 4459 tx
159 4407 210 4458 cla.
231 4400 269 4459 C:
290 4407 317 4466 ἐξ
335 4407 383 4460 ola.
402 4401 433 4460 Μ
505 4406 549 4462 58.
565 4403 665 4474 Ἰησοῦν
682 4406 790 4460 uncinis
810 4405 969 4460 inclusimus
1043 4403 1087 4458 bl.
1103 4404 1258 4474 popisma

113 4497 176 4556 GM
247 4499 291 4554 62.
311 4489 356 4554 τᾶν
372 4499 424 4554 add
443 4500 473 4559 Μ
545 4502 590 4558 69.
609 4494 912 4574 προμεριμνησθεῖσινί]
975 4494 1092 4567 70.οὖχῖ
1104 4489 1257 4566 μαθητὰςῦ
