3006 4976
606 315 874 378 usobottanastt.
1249 313 1311 380 129

173 485 248 548 riter
270 489 361 566 atquc
376 482 428 566 illi,
453 481 505 563 qui
518 482 736 547 arithmeticam
752 483 974 566 philosophiam
990 482 1202 567 excoluerunt,
1225 501 1314 564 quam

174 599 320 672 tanquam
344 588 532 673 incognitam
556 591 738 654 multitudini
763 589 901 655 admirati
925 597 956 654 ct
978 591 1102 674 imitati,
1128 589 1276 652 haereses
1297 609 1315 652 a

174 715 210 762 so
232 699 425 781 excogitatas
449 698 684 761 constituerunt.
719 697 859 772 Quidam
883 705 983 762 autem
1008 703 1039 760 et
1061 697 1097 760 ab
1117 706 1183 761 arte
1196 697 1316 760 medica

175 804 332 868 conticere
347 803 558 869 hebdomades
570 805 790 890 periclitentur,
802 805 965 890 stupefacti
982 806 1104 869 cerebri
1120 805 1316 888 dissectione,
1324 825 1354 875 to

176 931 244 976 cum
268 913 373 976 dicunt
395 914 531 976 universi
555 913 753 1005 substantiam
778 920 808 976 ct
830 919 1014 996 potestatem
1038 921 1197 994 paternam
1221 919 1252 976 et
1265 913 1317 975 di-

174 1019 331 1084 vinitatem
353 1038 371 1083 a
394 1019 514 1083 cerebri
538 1019 741 1102 dispositione
765 1019 881 1084 doc‘eri.
938 1019 1106 1083 cerebrum
1138 1019 1219 1083 enim
1247 1038 1316 1083 oum

174 1127 215 1192 sit
235 1126 411 1210 principalis
433 1143 505 1210 pars
527 1127 663 1190 universi
685 1129 845 1210 corporis,
876 1128 1052 1209 superiacet
1079 1125 1171 1190 fixum
1203 1133 1232 1190 et
1255 1127 1315 1189 im-

175 1241 289 1298 motum
318 1234 349 1297 in
377 1251 413 1298 se
442 1234 524 1297 intus
553 1225 670 1297 habens
701 1235 848 1316 spiritum.
898 1233 959 1297 lam
992 1231 1060 1297 taius
1089 1234 1224 1296 narratio
1252 1249 1315 1298 nott

176 1350 223 1405 est
247 1341 447 1428 incredibilis,
471 1339 526 1404 sed
549 1350 582 1405 ut
603 1341 698 1424 longe
722 1341 869 1405 dissideat
892 1341 930 1404 ab
953 1341 1062 1405 horum
1084 1348 1207 1403 conatu.
1253 1339 1354 1415 ⁰⁰·rt

174 1447 298 1512 rebrnm
330 1449 412 1512 enim
443 1453 598 1512 resectum
628 1450 710 1538 intus
740 1448 834 1512 habet
867 1447 950 1532 quod
980 1455 1110 1511 vocatur
1142 1449 1315 1531 camarinm,

175 1557 262 1622 cuius
275 1557 321 1621 'ab
345 1563 474 1640 utraque
496 1561 583 1638 parte
606 1565 718 1621 tenues
739 1562 810 1620 sunt
832 1549 1071 1640 membranulae,
1094 1575 1171 1639 quas
1189 1555 1230 1618 illi
1244 1562 1317 1637 pte-

174 1665 261 1748 rygia
293 1665 461 1748 appellant,
490 1663 601 1728 leniter
630 1683 647 1728 a
676 1664 783 1748 spiritu
811 1669 912 1728 motae
943 1670 973 1726 ct
995 1677 1102 1726 rursus
1125 1660 1316 1744 depellentes

174 1768 441 1853 spiritumversus
463 1769 659 1854 cerebellum,
684 1773 735 1853 qui
757 1788 944 1852 percurrens
969 1787 1026 1851 per
1042 1768 1197 1832 vasculum
1210 1765 1316 1850 quod-

175 1877 245 1942 dam
268 1877 376 1942 calami
399 1878 497 1942 simile
520 1878 559 1941 ud
583 1877 742 1941 conarium
765 1883 855 1962 meat,
883 1879 932 1941 cui
956 1877 1077 1941 adiacet
1099 1894 1135 1940 os
1158 1875 1353 1958 cerebellinn

175 1984 334 2066 excipiens
365 1993 577 2066 permeantem
612 1981 748 2066 spiritum
784 1991 815 2046 et
846 1982 1069 2048 transfundens
1095 1983 1132 2046 nd
1159 1981 1314 2046 dorsalem

175 2109 255 2173 quae
285 2091 395 2154 dicitur
423 2090 607 2175 medullam,
644 2091 726 2155 unde
752 2091 926 2156 universum
952 2108 1064 2174 corpus
1087 2089 1198 2174 accipit
1220 2073 1315 2170 spiri-

175 2199 271 2284 tuale,
301 2219 369 2264 cum
399 2217 507 2264 ornnes
536 2198 668 2267 arteriae
698 2198 795 2262 instar
820 2199 896 2261 rami
924 2216 963 2260 ex
990 2197 1051 2261 hoc
1072 2197 1199 2260 vasculo
1223 2204 1313 2278 aptae

174 2303 260 2390 sint,
286 2306 373 2370 cuius
403 2305 471 2370 linis
500 2309 532 2370 in
555 2305 700 2390 genitalia
724 2305 848 2369 vascula
870 2307 1064 2386 terminatur,
1099 2303 1182 2366 unde
1205 2309 1236 2365 et
1258 2321 1315 2366 sc*

175 2409 256 2477 mina
279 2431 319 2476 ex
342 2415 473 2477 cerebro
498 2432 554 2495 per
585 2413 684 2477 lemur
707 2412 839 2476 meantia
865 2418 1076 2475 secernuntur.
1131 2410 1185 2473 Est
1214 2417 1351 2480 antemna

176 2519 296 2584 habitos
319 2519 466 2584 cerebelli
488 2521 595 2585 similis
616 2521 707 2603 capiti
728 2517 896 2602 serpentis,
932 2516 1054 2601 dequo
1077 2517 1187 2580 multus
1210 2508 1314 2579 sermo

176 2627 343 2690 instituitur
370 2647 387 2690 a
418 2628 572 2712 magistris
604 2644 699 2708 pravo
728 2624 966 2708 cognominatae
994 2621 1200 2706 cognitionis,
1231 2621 1310 2684 sicut

175 2731 462 2797 demonstrabimus.
529 2733 656 2796 Alienae
691 2738 790 2795 autem
821 2749 861 2792 ex
893 2724 1026 2791 cerebro
1057 2735 1226 2792 nascuntur
1259 2746 1316 2790 sex

174 2839 424 2922 coniunctiones,
456 2856 537 2920 quaa
565 2836 645 2901 circa
676 2843 768 2919 caput
794 2842 959 2916 porrectae
988 2836 1149 2897 continent
1171 2851 1314 2914 corpora,

171 2943 294 3026 inipso
319 2945 420 3026 capite
440 2940 564 3021 finitae;
592 2945 720 3025 septima
744 2949 846 3006 autem
870 2960 910 3005 ex
932 2941 1089 3005 cerebello
1112 2943 1249 3022 permeat
1276 2937 1354 3007 adan

172 3051 337 3115 inferiores
367 3057 470 3133 partes
500 3051 610 3132 reliqui
640 3051 794 3134 corporis,
824 3049 914 3113 sicuti
942 3048 1081 3112 diximus.
1132 3044 1171 3108 Et
1193 3045 1232 3106 de
1253 3033 1316 3106 hoc

175 3177 300 3241 quoquo
323 3157 434 3222 multus
461 3157 493 3222 stt
520 3175 642 3233 sermo,
673 3157 756 3221 unde
780 3163 810 3220 et
833 3157 938 3222 Shnon
961 3161 992 3216 et
1015 3153 1195 3218 Valentinus
1220 3168 1316 3233 repe-

172 3267 291 3330 rientur
315 3273 345 3330 et
369 3263 441 3328 hinc
462 3262 622 3328 doctrinae
645 3281 721 3328 suae
743 3281 834 3327 ansas
859 3256 1028 3346 sumpsisse
1051 3266 1091 3344 et,
1115 3259 1317 3324 etiamsinon

177 3372 397 3456 confiteantur,
434 3387 506 3435 esse
534 3372 663 3452 primum
684 3361 868 3454 mendaces,
901 3368 1015 3432 deinde
1038 3367 1197 3430 haeretici.
1243 3363 1317 3427 Cum

176 3484 275 3542 autem
298 3477 376 3541 haec
399 3495 524 3560 quoque
552 3479 626 3541 satis
657 3496 675 3541 a
703 3476 793 3541 nobis
825 3477 988 3541 videantur
1017 3475 1182 3556 explicata,
1217 3474 1356 3536 omniaan

174 3591 291 3667 autem,
327 3603 407 3667 quoe
434 3584 577 3648 videntur
599 3590 745 3648 terren'ae
767 3583 982 3666 philosophiae
1005 3582 1134 3665 placita,
1170 3597 1317 3661 eompre-

173 3691 270 3757 hensa
293 3693 405 3756 sintin
429 3698 574 3776 quattuor
595 3691 696 3777 libris,
725 3691 828 3773 placet
849 3691 1005 3773 proticisci
1027 3689 1066 3754 ad
1087 3687 1197 3752 horum
1221 3685 1318 3750 discl-

174 3798 273 3885 pulos,
296 3800 347 3864 vel
371 3799 470 3865 dicam
494 3799 691 3882 expilatores.

169 3963 272 4040 1va
407 3968 432 4022 l.
455 3961 591 4022 lotarioC
709 3964 752 4019 10.
778 3957 993 4037 ἱπιδείξωμινῦ
1101 3958 1143 4013 11.
1170 3957 1200 4010 nl
1216 3950 1318 4028 mpiC

176 4061 219 4114 ta
238 4058 312 4115 Anto
331 4062 368 4122 alc
383 4077 444 4116 roc.
469 4063 537 4116 door
561 4056 739 4113 inserendum
766 4073 828 4112 erae
855 4065 952 4111 censat
969 4052 1000 4110 bl
1088 4051 1133 4104 20.
1152 4048 1197 4104 Ad
1215 4047 1318 4102 caleam

175 4157 259 4212 huius
277 4159 356 4213 libri:
375 4137 775 4231 φιλοσοφουμένωνῖβιρλίον
792 4153 822 4210 Μ

563 4387 841 4404 n———u———ss-
