3050 4988
248 298 313 364 368
357 301 478 382 (μου.
494 303 579 386 οεεη
688 308 782 367 unna
803 307 860 381 νυ,
884 313 936 366 τι.
958 311 1010 366 οε.

246 467 429 554 γεγέννηκε,
460 469 516 555 τήν
535 493 567 534 τε
588 471 697 558 ψυχήν
718 471 811 557 ἔργον
832 475 887 535 καὶ
912 469 1113 554 δποιέλεσμιί
1142 486 1239 555 φησιν
1264 469 1349 534 είναι
1370 465 1389 531 δ

242 570 455 663 Ἀριστοτέλης
476 583 613 663 φυσικοῦ
634 579 779 663 σώματος
799 578 971 665 ὀργανικοῦ
1001 577 1203 658 ἐντελέχειαν.
1252 573 1307 650 Ὡς
1331 571 1392 640 οὑν

210 679 266 766 5οῆ
290 681 463 765 ἐντελέχεια
486 683 601 750 διοικεῖ
619 686 654 749 τδ
677 691 785 770 σῶμα,
809 685 907 762 οὑτως
924 684 942 750 ὑ
958 683 1028 760 υὺδς
1050 683 1163 749 διοικεῖ
1183 683 1264 747 κατὰ
1284 688 1390 747 Βασι-

246 787 355 874 ίείδην
376 792 431 856 τὺν
453 790 599 879 δρρήτων
621 791 829 880 δρρητδιερον
849 793 942 858 θεόν.
986 791 1102 858 Ποὶντα
1131 790 1189 856 οὑν
1218 793 1281 856 ἔστι
1307 811 1390 875 προ-

246 895 407 980 νοοὺμενα
428 903 482 962 καί
504 896 709 983 διοικούμενα
729 897 795 964 ὑπὸ
816 903 871 985 τῆς
891 899 1080 981 ἐντελεχείας
1100 902 1156 963 τοῦ
1169 898 1321 986 ἄρχοντος
1333 899 1390 962 τοῦ

245 1003 388 1086 μεγάλου
408 1005 447 1070 τὰ
470 1006 621 1091 αέθέρια,
653 1005 747 1072 ἄτονα
773 1009 865 1094 μέχρι
892 1006 1022 1093 σελήνης
1048 1005 1148 1070 ἐστίν·
1179 1004 1307 1070 ἐκεῖθεν
1326 1008 1389 1090 γδρ

246 1108 308 1197 δῆρ
332 1112 468 1198 αίθέρος
488 1112 691 1200 διακρίνεται.
745 1117 993 1200 Κεκοσμημένων
1021 1111 1231 1178 οὖνπάντων
1251 1116 1314 1176 τῶν
1335 1109 1391 1174 cd-

209 1220 368 1305 οοθερίων
390 1219 491 1285 ποίλιν
512 1217 579 1284 δπδ
601 1224 654 1307 τῆς
673 1225 897 1305 πανσπερμίας
918 1221 1017 1296 ἄλλος
1038 1223 1146 1304 ἄρχων
1168 1218 1281 1304 α’νέβη,
1318 1220 1389 1300 μεί-

246 1325 307 1400 ζων
327 1332 387 1410 μὲν
408 1329 538 1393 πάντων
558 1331 621 1392 τῶν
642 1327 859 1412 ὑποκειμένων
879 1333 973 1415 χωρίς
993 1338 1095 1412 μέντοι
1115 1332 1168 1414 τῆς
1182 1325 1389 1408 καταλελειμ-

243 1437 340 1520 μένης
367 1433 524 1522 υὺδτητος,
556 1436 640 1501 πολὺ
670 1435 706 1501 δὲ
739 1435 959 1523 ὑποδεέστερος
988 1440 1044 1500 τοῦ
1073 1435 1199 1522 προὺτου
1225 1434 1388 1520 ἄρχοντος.

238 1543 320 1606 Ἔστι
343 1542 380 1606 δὲ
402 1548 456 1607 καί
478 1539 568 1619 οὑτος
590 1544 724 1630 ἄρρητος
748 1544 805 1608 ὑπ’
833 1543 939 1608 αὐτῶν
960 1541 1135 1627 λεγόμενος.
1191 1545 1254 1606 Καί
1278 1539 1388 1605 καλεῖ-

245 1674 296 1715 ται
317 1649 335 1715 ὑ
359 1650 457 1727 τόπος
478 1647 568 1727 οὗτος
589 1649 746 1734 εἠίδομοίς,
769 1655 823 1716 καὶ
844 1651 974 1716 πάντων
1002 1654 1065 1714 τῶν
1088 1646 1307 1732 ὑποκειμένων
1327 1642 1388 1710 οδ-

208 1757 298 1834 θοτός
319 1757 383 1822 ἐστι
405 1757 560 1846 διοικητὴς
589 1762 644 1823 καί
674 1757 881 1846 δημιουργός,
913 1759 1049 1844 ποιήσας
1076 1761 1130 1820 καὶ
1160 1754 1255 1830 αδτδς
1282 1753 1386 1842 ἐαυτῷ

244 1863 316 1930 υἳδν
337 1865 373 1930 ἐκ
394 1871 447 1952 τῆς
467 1870 705 1952 πανσπερμίας,
737 1871 791 1930 καὶ
813 1865 908 1941 αδτδς
935 1864 1049 1930 ἑαυτοῦ
1074 1865 1311 1951 φρονιμώτερον
1331 1867 1387 1926 καί

244 1972 441 2060 σοφώτερον,
463 1972 693 2060 παραπλησίως
713 1984 778 2048 τοῖς
799 1973 853 2038 ἐπὶ
873 1977 928 2037 τοῦ
950 1971 1076 2056 προίτου
1098 1970 1304 2054 λελεγμένοις.
1337 1969 1385 2033 Τὺ

244 2078 280 2144 δε
301 2080 338 2145 ἐν
358 2085 402 2168 τῷ
424 2079 609 2168 διαστήματι
640 2079 738 2168 τοὺτηι
761 2079 779 2144 δ
803 2081 904 2167 σωρδς
933 2079 1028 2155 αδτδς
1054 2079 1132 2156 ἐστί,
1164 2081 1257 2165 φησί,
1290 2074 1385 2162 καλή

243 2192 464 2273 πανσπερμία,
494 2193 548 2252 καὶ
575 2191 693 2268 γίνεται
716 2187 796 2251 κατὰ
818 2187 918 2273 φὺσιν
938 2187 977 2251 τὺ
998 2186 1151 2270 γινόμενα
1173 2185 1216 2260 ὥς
1244 2183 1386 2271 φθάσαν

207 2298 395 2381 ῖοτεχθῆναι
416 2293 479 2360 ὑπὸ
501 2299 557 2360 τοῦ
587 2295 626 2359 εδ
652 2293 810 2377 μέλλοντα
838 2293 1006 2373 λέγεσθαι,
1036 2291 1087 2357 δτε
1115 2290 1166 2355 δεῖ
1186 2296 1240 2354 καὶ
1260 2289 1313 2354 οία
1334 2289 1387 2354 δεῖ

243 2407 297 2467 καὶ
319 2400 363 2478 ὥς
382 2401 434 2467 δεῖ
452 2401 670 2489 λελογισμένῳ.
723 2407 785 2465 Καὶ
806 2400 925 2466 τοὺτων
947 2401 1029 2465 ἔστιν
1050 2401 1214 2485 ἐπιστάτης
1240 2403 1261 2486 ῆ
1281 2420 1385 2486 φρον-

243 2511 343 2596 τιστής
363 2513 385 2596 ή
406 2509 595 2596 δημιουργὸς
617 2507 735 2584 οὐδείς·
767 2507 861 2594 δρκεῖ
879 2507 940 2592 γὰρ
964 2505 1073 2583 αὑτοῖς
1094 2506 1112 2572 ὑ
1133 2506 1281 2590 λογισμὸς
1301 2506 1383 2570 ἐκεῖ·

242 2639 315 2695 νος,
339 2617 378 2682 ὅν
398 2615 415 2682 δ
439 2616 497 2682 οὑκ
518 2620 565 2682 οὑν
586 2617 636 2682 δτε
657 2618 758 2682 ἐποίει
779 2615 940 2696 ἐλογίζετο.
959 2615 965 2704 Ι

332 2743 382 2806 25.
422 2739 508 2805 Ἐπεί
530 2737 588 2806 οὑν
608 2739 777 2806 τετέλεσται
806 2738 877 2804 κατ’
909 2738 1023 2814 αὑτοὺς
1044 2738 1061 2804 δ
1085 2739 1201 2821 κόσμος
1229 2736 1305 2813 δλος
1328 2742 1385 2802 καὶ

206 2847 281 2916 τοτδ
302 2846 501 2933 ὑπερκδσμια
522 2852 576 2911 καί
598 2847 680 2912 ἔστιν
702 2847 807 2923 ἐνδεὲς
827 2845 940 2924 οὑδέν,
963 2845 1103 2910 λείπεται
1125 2845 1161 2909 δὲ
1182 2845 1219 2910 ἐν
1239 2849 1276 2934 τῆ
1297 2866 1384 2910 παν-

243 2957 380 3041 σπερμία
399 2953 417 3040 ή
436 2951 540 3040 υὺδτης
560 2952 579 3041 ή
601 2958 693 3041 τρίτη,
712 2953 1008 3040 ήκαταλελειμμένη
1029 2952 1198 3040 εὐεργετεῖν
1219 2957 1273 3016 καί
1293 2951 1384 3038 εὑερ-

241 3065 403 3144 γετεῖσθαι
424 3061 461 3126 ἐν
473 3065 517 3150 τῷ
540 3064 710 3146 σπέρματι,
734 3067 789 3126 καὶ
810 3061 874 3127 ἔδει
895 3062 950 3148 τήν
972 3058 1241 3146 ὑπολελειμμένην
1256 3056 1384 3144 υλότητα

243 3167 524 3256 ἀποκαλυφθῆναι
546 3173 600 3233 καὶ
622 3168 932 3255 ἀποκατασταθῆναι
955 3169 1023 3232 ἅνω
1047 3168 1113 3232 ἐκεῖ
1131 3165 1259 3253 ὑπὲρτδ
1276 3167 1384 3250 μεθό-

242 3298 312 3362 ριον
333 3280 460 3360 πνεῦμα
482 3278 562 3362 πρὸς
583 3277 638 3362 τήν
657 3274 782 3364 υὺότητα
804 3277 859 3362 τήν
881 3275 1053 3360 λεπτομερῆ
1075 3277 1128 3339 καί
1149 3275 1314 3360 μιμητικήν
1328 3278 1384 3338 καί

205 3384 296 3451 τοτδν
318 3381 376 3448 οὑκ
397 3385 492 3460 ὄντα,
517 3383 561 3459 ὥς
581 3387 772 3469 γέγραπται,
797 3387 889 3470 φησί·
914 3387 986 3448 Καί
1006 3381 1025 3468 ή
1049 3385 1174 3458 κτίσις
1199 3380 1295 3467 αδτή
1318 3400 1382 3446 συ-

241 3489 422 3565 στενάζει
443 3494 513 3555 καὶ
545 3490 753 3556 συνωδίνει
777 3491 842 3577 τήν
871 3488 1144 3577 ἀποκάλυψιν
1175 3493 1252 3553 ταῖν
1284 3487 1383 3570 viar

240 3599 309 3660 τοῦ
335 3601 435 3663 θεοῦ
467 3597 725 3682 ἐκδεχομένη.
782 3595 853 3662 Υἱοὶ
883 3597 937 3674 δέ,
970 3601 1081 3684 φησίν,
1110 3597 1205 3680 ἐσμὲν
1231 3595 1320 3683 ήμεῖς
1351 3591 1383 3660 οὑ

240 3708 463 3788 πνευματικοί,
493 3704 618 3770 ἐνθάδε
645 3703 924 3789 καταλελειμμένοι
952 3703 1162 3791 διακοσμῆσαι
1191 3709 1245 3767 καὶ
1273 3701 1382 3768 διατυ-

313 3898 357 3953 48.
375 3900 499 3971 μεμένηκε
517 3895 540 3953 C
630 3899 673 3965 τήν
689 3919 713 3954 τε
732 3900 831 3972 ψυχήν]
850 3899 891 3966 τῆς
908 3917 933 3953 τε
952 3897 1038 3970 ψυχῆς
1056 3893 1213 3950 Bunsenius
1292 3893 1381 3971 φησιν]

241 3987 278 4050 εὑς
303 4005 383 4059 φησιν
407 3986 477 4044 CM
502 3988 629 4046 Correxit
653 3989 811 4047 Βυοεεοίοε
944 3991 987 4048 52.
1013 3990 1178 4060 ἐντελεχείας]
1204 3987 1321 4062 μεγάλης
1343 3983 1380 4041 C:

237 4082 435 4154 μεγαλειότητος
453 4098 529 4154 susp.
550 4080 581 4148 M
600 4081 755 4138 Βυοεεοίοε
871 4083 915 4138 54.
935 4079 1054 4157 αίθέρος]
1074 4082 1195 4153 αίθέριος
1213 4077 1235 4136 C
1252 4077 1282 4134 M
1301 4077 1384 4135 Ban-

240 4173 334 4228 senius
450 4178 649 4250 κεκοσμιμὲνων
670 4173 691 4230 C
807 4175 851 4230 66.
874 4174 935 4247 μέν]
961 4176 1051 4246 μέντοι
1074 4169 1144 4228 CM
1271 4172 1315 4228 58.
1338 4172 1386 4226 καί

242 4259 317 4328 οὑτος
341 4264 461 4342 ἄρρητος]
491 4257 566 4329 οὗτος
588 4269 635 4322 καλ
659 4268 672 4323 ὁ
698 4269 772 4342 ῥητὰς
789 4265 948 4322 Βυοεοοίιιε
966 4265 1029 4320 coll.
1049 4283 1076 4336 p.
1095 4265 1157 4329 370,
1176 4264 1221 4320 89.
1339 4264 1383 4318 61.

242 4359 319 4420 αὑτὸς
337 4359 441 4430 ἑαυτοῦ]
461 4359 540 4415 αὑτὸν
558 4361 652 4415 ἑαυτοῦ
676 4378 750 4432 susp.
767 4359 797 4416 M
816 4357 973 4414 Βυαεοοίωε
1097 4358 1141 4413 64.
1169 4358 1213 4412 65.
1237 4354 1387 4426 φθάσον-

242 4449 377 4526 λέγεσθαι]
400 4449 502 4507 Locum
523 4455 696 4528 desperatum
716 4453 752 4507 ἰῑο
773 4460 859 4508 lenm
877 4447 1034 4522 Βοεμετυε,
1058 4457 1089 4504 ut
1111 4456 1249 4522 proponat
1274 4446 1389 4519 ηθέσακ

1505 959 1508 1068 ί
