3050 4988
4 3915 20 3962 h

589 315 774 376 ansuinus,
1185 309 1247 376 371

113 492 145 548 et
180 481 383 566 corrigendas
418 487 448 544 et
476 481 682 564 perficiendas
715 485 845 564 animas,
881 497 963 562 quae
996 481 1038 544 ita
1070 482 1299 561 compositaoso

112 597 186 656 sunt
208 597 337 671 natura,
369 595 401 651 ut
432 589 510 653 inira
532 590 562 653 in
586 589 647 655 hoo
677 589 776 674 gradu
805 593 1014 671 permaneant.
1074 587 1173 669 Usque
1194 589 1260 669 igi-

113 705 164 762 tur
200 698 243 760 od
277 697 382 760 dioran
410 695 450 760 at
479 697 578 759 Adam
610 699 754 779 repnoor't
785 703 961 778 peaootorn,
994 693 1082 758 sicuti
1116 695 1260 776 scriptum

115 813 180 884 est;
202 805 344 886 regnavit
367 803 447 866 enim
470 821 598 886 magnus
621 805 754 888 archon,
778 804 831 886 qui
854 802 943 865 hahet
967 801 1044 865 fines
1067 819 1141 865 suos
1164 820 1262 884 usque

118 909 158 975 ad
181 908 420 991 firmamentum,
451 907 613 972 arbitratus
636 915 735 972 semet
756 907 854 972 solum
879 907 968 970 deum
992 923 1062 969 esse
1086 924 1145 969 nec
1168 907 1262 988 quid-

116 1036 207 1100 quam
231 1034 326 1097 sapor
351 1033 387 1078 so
414 1032 499 1093 esse;
528 1015 630 1078 omnia
666 1017 746 1078 enim
782 1021 871 1078 erant
900 1013 1050 1077 custodita
1079 1011 1301 1077 abscondito⁸⁶

115 1124 251 1190 silentio.
295 1123 379 1206 lino,
401 1123 516 1205 inquit,
539 1130 587 1186 est
608 1123 800 1205 mysterium,
835 1121 919 1204 quod
949 1121 1101 1204 prioribus
1129 1122 1262 1186 saeculis

117 1250 181 1295 non
207 1229 395 1295 intellectum
419 1234 484 1314 ast,
514 1227 570 1292 sed
593 1235 659 1292 erat
688 1229 746 1294 iliis
768 1231 957 1310 temporibus
978 1247 1034 1291 rex
1057 1235 1087 1291 et
1110 1228 1262 1307 dominus,

116 1338 351 1418 annitebatur,
375 1336 587 1401 universorum
615 1353 744 1417 magnus
772 1336 902 1420 archon,
934 1334 1065 1420 ogdoas.
1108 1335 1182 1399 Erat
1204 1354 1263 1398 au-

115 1455 177 1510 tem
202 1453 234 1508 ot
255 1443 344 1508 huius
365 1443 480 1528 gradus
501 1462 560 1506 rex
583 1451 614 1508 et
637 1443 780 1507 dominus
802 1441 988 1527 hebdomas,
1019 1449 1050 1504 et
1072 1449 1119 1508 est
1140 1443 1263 1526 ogdoas

115 1551 295 1636 ineffabilis,
318 1550 447 1616 effabilis
471 1557 571 1614 autem
594 1549 772 1616 hebdomas.
829 1551 883 1614 ttte
907 1558 969 1633 est,
998 1549 1111 1634 inquit,
1141 1549 1302 1614 tetdo-to

117 1659 215 1724 modis
238 1657 371 1739 archon,
394 1660 446 1739 qui
469 1657 589 1721 locutus
613 1666 660 1722 ost
683 1657 720 1722 ad
751 1658 882 1740 Moysen
915 1665 946 1720 et
975 1658 1063 1721 dixit:
1092 1659 1159 1739 Ego
1188 1661 1264 1722 deror

117 1768 275 1832 Abrohom
298 1775 329 1829 et
354 1767 446 1830 isooo
475 1773 506 1828 et
534 1765 647 1844 Iacob,
681 1774 712 1829 et
742 1785 850 1829 nomm
882 1767 934 1828 der'
962 1784 1023 1828 non
1051 1767 1190 1830 indicavi
1219 1769 1265 1830 eis

115 1877 168 1960 [ita
197 1875 277 1938 onim
306 1873 414 1938 volunt
447 1874 591 1954 scriptum
624 1871 717 1957 esse),
749 1870 809 1935 hoe
839 1879 887 1936 est
917 1871 1079 1936 ineffabilis
1112 1873 1264 1957 ogdoadis

117 1982 274 2047 archontis
298 1980 357 2045 dei.
404 1978 519 2043 Omnes
544 1979 639 2063 igitur
660 1978 847 2062 prophetae,
879 1981 930 2061 qui
955 1987 1045 2044 erent
1068 1987 1139 2044 ante
1158 1981 1264 2044 salva-

116 2097 233 2172 torem,
254 2090 365 2170 inquit,
387 2086 469 2151 iitina
491 2085 585 2150 locuti
606 2095 687 2150 sunt.
738 2087 867 2162 Quando
898 2088 993 2171 igitur
1022 2087 1186 2168 oportebat
1208 2092 1303 2151 ra-tt

117 2197 229 2280 velari,
250 2195 365 2280 inquit,
397 2211 473 2274 nos,
509 2195 561 2276 qui
590 2211 695 2258 sumus
728 2195 779 2258 iiiii
809 2196 872 2276 dei,
897 2195 936 2258 de
966 2194 1076 2277 quihus
1106 2195 1265 2278 ingemuit,

116 2306 227 2386 iuquit,
262 2309 404 2366 ereatura
445 2309 477 2366 ot
516 2302 656 2383 parturiit
695 2311 863 2388 expectans
902 2303 1142 2388 revelationem,
1180 2305 1266 2368 uenit

118 2411 311 2494 evangelium
333 2412 365 2473 in
388 2407 532 2473 mundum
557 2416 589 2472 et
612 2411 753 2490 pervenit
785 2429 840 2492 per
867 2428 988 2474 omnem
1011 2411 1212 2491 principatum
1235 2416 1266 2474 et

116 2523 302 2599 potestatem
326 2524 357 2580 et
380 2514 619 2580 dominationem
650 2524 681 2580 et
704 2535 796 2580 omne
824 2535 936 2581 nomen
964 2517 1045 2600 quod
1077 2519 1262 2582 nominatur.

116 2627 208 2689 Venit
230 2629 332 2687 autem
355 2639 480 2703 revera,
511 2615 632 2687 tametsi
663 2623 737 2687 nihii
766 2625 890 2688 devenit
912 2641 1046 2707 superne
1069 2642 1128 2688 neo
1150 2629 1285 2690 seces-t

117 2733 155 2796 sit
185 2732 276 2796 heata
299 2727 412 2792 filietas
441 2727 479 2791 ah
503 2728 804 2811 incomprehensibili
835 2731 887 2795 illo
919 2737 951 2795 et
978 2731 1071 2796 heato
1106 2742 1264 2798 non-ente

117 2839 187 2902 deo.
232 2835 346 2900 Verum
375 2835 455 2898 enim
483 2835 570 2899 siouti
605 2835 738 2918 naphtha
771 2837 875 2902 Indica
905 2845 1072 2920 conspecta
1101 2843 1216 2902 tanturn
1246 2857 1264 2902 e

116 2946 191 3010 satis
212 2943 385 3028 longinquo
408 2941 508 3023 spatio
531 2940 615 3006 duait
635 2944 754 3029 ignem,
786 2946 827 3008 ita
857 2963 896 3008 ex
928 2944 1030 3010 iniero
1062 2948 1099 3010 ab
1122 2945 1265 3010 informi-

117 3059 178 3116 tate
217 3051 321 3115 aoervi
357 3049 535 3132 pertingunt
565 3054 734 3130 potestates
769 3068 861 3133 supra
895 3069 994 3133 usque
1025 3052 1062 3115 ad
1100 3052 1286 3117 filietatem.⁶

117 3158 223 3240 Captat
245 3157 326 3220 onim
358 3160 389 3218 at
419 3154 502 3219 duait
532 3157 738 3239 cogitationes
768 3157 807 3221 ad
838 3158 934 3223 instar
956 3159 1110 3241 naphthae
1132 3161 1265 3245 indicae,

116 3265 204 3347 quasi
242 3267 379 3343 oaptator
414 3259 551 3346 (dodoci
587 3261 727 3346 quidam,
772 3266 875 3350 magni
914 3265 1067 3350 ogdoadis
1108 3268 1264 3332 archontis

120 3371 239 3434 titiusa
271 3369 360 3435 beata
391 3368 441 3432 illa
473 3376 543 3450 post
576 3368 626 3453 id,
658 3369 740 3452 quod
779 3374 1000 3437 conterminum
1037 3381 1101 3460 est,
1130 3375 1264 3438 filietate.

117 3479 202 3553 Quae
224 3479 305 3540 anim
331 3483 379 3540 ost
400 3479 430 3539 in
454 3475 556 3540 medio
589 3479 685 3541 sancti
715 3478 837 3560 spiritus
867 3481 898 3542 in
931 3482 1123 3546 contermino
1152 3481 1266 3545 filieta-

117 3589 153 3650 tis
176 3592 314 3669 potostas
349 3583 479 3649 fluentes
513 3593 542 3647 et
576 3591 703 3650 ruentes
731 3586 939 3669 cogitationes
967 3587 1099 3654 filietatis
1122 3591 1305 3653 commu-¹⁰

118 3695 200 3758 nioat
224 3711 292 3758 cum
315 3692 377 3756 tilio
401 3693 504 3778 magni
526 3693 691 3756 archontis.

117 3830 160 3887 98.
179 3829 223 3884 99.
250 3825 292 3883 Cf.
311 3825 416 3900 Epiros.
446 3829 469 3894 l,
487 3829 533 3882 21.
558 3828 684 3903 ότττρόνω
703 3829 790 3897 πόσης
808 3827 891 3903 ἀρχῆς
907 3831 954 3884 καὶ
971 3832 1092 3894 ἰξοοοόος
1116 3829 1162 3886 arai
1186 3831 1270 3886 δοκό-

116 3941 188 3996 μιοις
204 3921 251 3976 καὶ
268 3919 416 3990 κυριότητος
440 3920 486 3975 aet
510 3922 608 3984 παντὸς
633 3922 766 3997 ὀνόματος
790 3922 992 3997 ὀνομαζομένου
1016 3942 1040 3978 κ.
1058 3943 1078 3978 τ.
1102 3927 1126 3978 λ.
1223 3928 1271 3982 καὶ

117 4009 275 4084 κυριότητος]
304 4009 453 4081 κυριότητος
478 4005 501 4064 C
574 4011 618 4065 99.
636 4011 684 4065 καὶ
700 4011 808 4080 παντὸς]
827 4011 924 4073 παντός
943 4009 964 4068 C
983 4009 1013 4068 M
1096 4014 1177 4076 ὄντως
1196 4013 1270 4070 Uhi-

119 4103 250 4158 horniua:
278 4099 359 4163 οἴτως
383 4097 452 4156 CM
470 4099 629 4156 Bunseniua
701 4104 745 4158 99.
769 4103 792 4156 1.
811 4105 919 4175 καίπερ]
938 4105 985 4158 καὶ
1004 4102 1025 4159 C
1044 4103 1074 4160 Μ
1092 4104 1265 4161 Βυοιετιίοτι

117 4199 201 4251 καίτοι
220 4192 389 4250 Uhlhoruius
504 4195 530 4249 3.
551 4194 658 4265 ὀφθεὶς]
678 4194 777 4266 ἁφθεὶς
796 4213 870 4268 susp.
890 4194 920 4251 M
1063 4199 1089 4252 5.
1108 4199 1226 4266 όιηκηοικ
1246 4196 1268 4254 C

117 4292 210 4362 μέχρις
228 4284 296 4362 droa]
316 4287 373 4340 ἅνω
391 4288 487 4359 μέχρις
504 4285 635 4342 Jacobiua
748 4289 775 4343 7.
794 4287 918 4365 νάφθαν]
939 4287 1072 4361 ἄηιθανῦ
1163 4289 1268 4363 dorios]

118 4383 212 4454 ἄφθιτος
229 4377 265 4434 Cr
293 4377 405 4449 κόφθας
430 4376 458 4432 Μ
483 4377 660 4434 Bunseuiuaa
686 4379 781 4452 όφθας
806 4397 828 4434 s.
849 4381 980 4453 rirdgdoa
1005 4382 1077 4436 coni.
1103 4379 1137 4437 R.
1156 4380 1267 4438 Scottus

121 4472 161 4528 ro.
181 4469 330 4543 φερόμενα]
349 4467 541 4546 οιτόμενινῦ
980 4543 1049 4605 tt*
