3050 4988
350 266 359 287 ’
459 377 468 384 .
597 290 843 356 vnnunrnnnnn.
964 377 968 385 μ
1228 293 1292 360 ten

151 459 243 544 phiai,
265 468 297 525 et
316 463 414 526 oirtur
435 462 577 526 ottusimi
598 463 791 526 obumbrabit
810 463 866 526 tibi
888 461 1062 544 (attissimus
1086 469 1134 528 est
1154 463 1333 529 dentur-⁵0

152 567 237 652 gas),
263 568 394 649 ideoque
421 569 504 660 quod
527 579 674 633 noroetur
699 589 741 635 εε
762 579 792 634 ιε
812 579 952 634 rononrrn
973 570 1142 634 nocebitur.
1187 571 1294 634 Gene-

150 681 236 737 rntns
259 676 341 738 enim
364 681 496 738 estnon
519 675 556 739 ab
580 677 727 741 altissimo
750 677 836 758 solo,
868 677 946 740 siout
973 676 1011 760 ii,
1042 678 1093 757 qui
1124 677 1293 741 seeundum

152 780 252 844 Adam
274 781 371 844 creati
393 765 480 863 sunt,
511 799 529 844 n
561 782 629 845 solo
659 783 754 845 creati
782 790 854 845 sunt
875 781 1039 864 altissimo,
1071 781 1204 847 honest
1235 783 1295 846 de-

152 887 292 970 miurgo;
325 886 413 950 iesus
435 894 554 968 autem,
577 905 677 952 novus
699 887 810 968 bomo,
833 905 852 948 a
874 887 982 968 spiritu
1006 896 1133 973 saneto,
1165 888 1226 953 boo
1248 898 1296 953 est

152 991 276 1076 Sophia,
300 998 333 1056 et
353 992 523 1076 demiurgo,
546 999 579 1055 ut
601 993 748 1058 fabricam
772 993 948 1076 quidemst
972 996 1195 1076 apparitionem
1219 1007 1333 1058 eor-oo

152 1101 236 1181 poris
258 1101 326 1162 eius
358 1099 537 1182 demiurgus
560 1101 772 1184 exornaverit,
796 1101 961 1164 essentiam
986 1107 1086 1164 nutem
1111 1103 1178 1164 eins
1201 1103 1295 1183 spiri-

151 1211 201 1268 tus
220 1207 406 1287 praestiterit
428 1211 570 1290 sanctus,
600 1215 632 1270 et
654 1209 788 1272 extiterit
810 1208 901 1291 lngus
924 1207 1065 1273 caelestis
1089 1208 1127 1272 ab
1150 1209 1295 1292 ogdoade

153 1319 323 1396 generatus
351 1331 408 1395 per
429 1303 564 1380 Maniam.
618 1315 664 1378 De
693 1314 754 1377 bon
783 1316 925 1395 quaestio
954 1331 1066 1395 magna
1096 1319 1144 1377 εει
1172 1314 1232 1378 iilis
1265 1320 1297 1378 et

154 1418 349 1484 dissidiorum
372 1418 635 1502 dissensionisque
658 1437 767 1504 nausa,
789 1420 903 1484 etbino
920 1421 1019 1484 extitit
1037 1438 1145 1484 eornm
1158 1421 1295 1483 doctrina

153 1524 290 1589 bifariam
312 1524 426 1607 divisa,
450 1543 577 1608 quarum
602 1526 697 1590 altera
721 1534 852 1592 vocatur
873 1526 1030 1590 orientalis
1046 1527 1216 1590 seeundum
1230 1543 1334 1611 eos,so

154 1632 251 1696 ultera
273 1631 384 1696 italien.
428 1630 468 1695 Et
490 1633 510 1696 ii
534 1631 672 1716 quidem,
695 1635 839 1713 quisunt
862 1632 1016 1714 abitalia,
1040 1649 1169 1714 quorum
1194 1634 1297 1697 Hera-

154 1739 223 1802 oieo
247 1747 295 1803 est
318 1746 349 1802 et
371 1738 579 1822 Ptolemaeus,
612 1739 744 1803 animale
773 1737 877 1807 dirum
907 1739 1048 1803 extitisse
1070 1757 1183 1821 eorpus
1210 1740 1296 1824 besu,

155 1853 187 1910 et
219 1853 380 1927 propterea
413 1847 445 1909 in
475 1844 628 1927 baptismo
656 1847 780 1927 spiritus
813 1855 958 1926 tanquam
988 1846 1129 1911 columba
1164 1846 1297 1928 devenit,

153 1947 214 2012 boo
236 1956 284 2013 est
302 1948 392 2031 lngus
417 1953 521 2016 matris
542 1970 678 2034 superne
695 1953 840 2037 Sophiae,
859 1960 890 2017 et
904 1954 996 2017 cessit
1011 1951 1132 2018 animali
1147 1958 1179 2014 ει
1193 1951 1298 2016 susei-

153 2055 230 2120 tavit
252 2074 323 2119 enm
345 2074 386 2119 ex
407 2061 546 2123 mortuis.
591 2060 659 2123 iioo
681 2067 738 2144 εει,
760 2059 964 2145 inquit,i11nd
989 2058 1072 2141 quod
1095 2058 1208 2122 dietum
1232 2066 1335 2133 esttm
1430 2067 1433 2076 ⁴

154 2164 207 2244 qui
217 2163 380 2226 moitooit
402 2164 553 2228 Christum
575 2185 596 2228 o
616 2167 752 2250 mortuiq
774 2165 945 2248 oimtinobit
960 2172 992 2228 ει
1004 2166 1148 2229 atartob'o
1164 2184 1298 2247 corporo

151 2277 267 2346 εεεινε,
291 2285 370 2350 qnae
391 2276 460 2333 sunt
484 2270 634 2336 enimaiie.
678 2272 780 2336 Limus
804 2272 885 2335 enim
908 2271 966 2335 sub
989 2271 1186 2337 devotionem
1203 2273 1296 2336 venit.

153 2375 258 2440 Pulsis
278 2377 358 2439 enim
379 2396 423 2455 es,
445 2376 558 2461 inquit,
588 2388 621 2441 st
646 2380 679 2442 in
697 2379 857 2460 pulverem
883 2379 1059 2442 reveren.
1114 2379 1232 2443 Rursus
1254 2377 1296 2441 iiii

153 2484 205 2564 qui
227 2482 354 2546 suntab
377 2483 499 2546 oriente
521 2469 641 2565 dieunt,
669 2502 797 2565 quornm
820 2490 868 2548 εει
892 2483 1065 2548 Axionicus
1088 2491 1120 2546 et
1141 2484 1295 2547 bardesa-

154 2607 227 2672 nes,
250 2589 409 2673 spirituale
430 2588 527 2654 fuisse
555 2607 668 2671 eorpus
695 2591 871 2670 salvatoris,
904 2591 1035 2671 spiritus
1060 2591 1140 2653 enim
1171 2598 1335 2658 sanotnsro

153 2697 238 2760 venit
258 2713 353 2777 snper
373 2695 510 2780 Mariam,
534 2696 595 2760 boo
616 2704 662 2760 est
686 2695 811 2779 Sopbia,
827 2705 858 2760 et
874 2701 1010 2777 potestus
1022 2697 1171 2778 supremi,
1195 2695 1296 2758 demi-

154 2805 262 2889 urgina
285 2821 351 2885 ars,
373 2812 407 2866 ut
429 2802 676 2868 conformaretur
697 2803 780 2884 quod
803 2803 926 2885 spiritus
947 2802 1064 2865 Marino
1087 2801 1230 2866 dedisset.

240 2908 291 2974 36.
335 2909 419 2974 idaeo
440 2909 535 2992 igitur
556 2909 597 2973 iili
620 2911 804 2991 exquirunio
827 2910 908 2972 inter
929 2927 965 2972 se
996 2915 1028 2972 ει
1054 2910 1079 2970 si
1102 2908 1152 2970 oni
1174 2913 1298 2990 praeter

155 3032 211 3080 eos
234 3033 328 3080 ouruo
359 3015 398 3078 sit
426 3012 641 3095 exquisivisse.
692 3012 804 3076 Verum
835 3011 1030 3093 superaddit:
1063 3011 1102 3074 Ut
1135 3009 1298 3076 emendata

156 3129 245 3187 erant
278 3127 420 3206 porceto,
455 3139 536 3203 quae
567 3121 762 3203 pertinebant
795 3117 834 3182 ad
868 3135 985 3182 aeones
1022 3107 1089 3199 qui'
1108 3119 1188 3180 inira
1218 3122 1336 3199 suntne

154 3237 379 3311 praetereaque
416 3227 578 3292 emendata
618 3233 707 3290 erunt
743 3240 824 3308 qnae
860 3231 988 3306 pennata
1024 3223 1220 3306 pertinebunt
1258 3222 1297 3287 ad

155 3335 348 3419 ogdoadem,
376 3333 519 3416 Sophiam
548 3351 629 3416 qnae
659 3339 746 3396 extra
777 3338 839 3416 est,
875 3331 1038 3395 emendata
1071 3336 1173 3394 antem
1206 3329 1298 3393 etiam

156 3455 236 3524 quae
259 3442 300 3505 nd
322 3441 546 3507 hebdomadem
569 3439 709 3526 (ednotus
732 3439 812 3502 enim
841 3443 889 3501 est
917 3455 974 3520 per
994 3436 1137 3520 Sopbiam
1161 3436 1298 3501 demiur-

156 3567 214 3632 gus
247 3549 347 3633 ipsum
376 3566 441 3613 noa
472 3565 545 3612 esse
572 3565 666 3612 unum
702 3546 800 3610 solum
817 3546 939 3642 deum,
974 3553 1006 3610 ut
1037 3544 1235 3629 opinabatur,
1267 3551 1300 3609 et

153 3776 243 3850 μόνον
261 3772 283 3831 C
301 3773 331 3831 M
445 3775 490 3829 st.
514 3774 557 3843 εἷς
574 3777 673 3844 σοφίας
701 3773 748 3828 και
771 3791 805 3829 ει
828 3772 960 3828 inforiore
986 3771 1048 3827 ioco
1076 3788 1158 3844 prars
1180 3772 1298 3845 repetita

154 3869 297 3932 videntur,
316 3867 344 3922 id
362 3865 437 3939 qnod
456 3866 538 3921 etiam
556 3863 667 3922 Millero
684 3866 774 3921 risum
793 3875 850 3930 est,
874 3865 927 3920 uiri
946 3863 1020 3938 quod
1038 3863 1062 3918 ir
1080 3865 1111 3918 di
1127 3873 1191 3919 oute
1209 3882 1234 3918 r.
1251 3864 1298 3931 'tq-

155 3961 218 4022 σεῦε
236 3959 320 4014 delet.
411 3958 457 4014 95.
478 3954 542 4034 bui]
560 3955 574 4012 ὃ
593 3956 648 4012 ἀπὸ
665 3954 689 4013 C
706 3955 736 4012 Μ
844 3959 888 4012 99.
906 3952 1068 4028 γενηθεῖςῦ
1158 3957 1184 4011 3.
1204 3955 1299 4010 ἀνετε-

154 4051 211 4118 tooi
227 4047 515 4127 πςδιδαεκελία]61.
536 4047 720 4106 01εω.ΑΙει.
745 4050 850 4120 Frapm.
879 4065 906 4119 p.
933 4048 985 4101 966
1009 4063 1068 4119 sqq.
1094 4048 1155 4101 Pott.
1269 4047 1297 4100 8.

154 4139 260 4219 γέγονε]
279 4143 372 4216 ybyors
391 4141 468 4214 φωνὴ
485 4139 639 4212 Resperus.
755 4140 782 4194 9.
804 4141 845 4194 tn.
865 4135 991 4202 Rom&
1012 4137 1055 4192 11.
1173 4135 1214 4192 16.
1233 4133 1298 4210 ἤτοι]

155 4236 202 4291 καὶ
217 4235 248 4290 rb
266 4231 289 4289 C
306 4232 337 4290 Μ
464 4233 506 4288 11.
528 4234 571 4288 12
600 4230 699 4286 lidos.
719 4232 744 4296 3,
767 4231 808 4287 19.
926 4232 968 4286 13.
986 4225 1138 4304 Ἀξιόνικος]
1158 4225 1200 4282 Cf.
1220 4225 1298 4280 Tert.

155 4331 212 4383 adr.
236 4325 497 4384 Valentinianum.
601 4319 779 4398 Ἅρδηειόνης]
803 4322 986 4395 Βαρδηωάνης
1004 4321 1108 4392 potius,
1132 4316 1175 4373 rel
1195 4319 1300 4391 Bopdq·

156 4421 238 4488 edrone
353 4419 394 4474 18.
413 4411 596 4486 ζηεὴεωσανῦ
713 4415 755 4472 19.
774 4413 897 4492 ἐπιλέγει]
916 4417 972 4470 insi
988 4407 1099 4485 λέγει)
