3050 4988
585 373 769 432 aestubus.
1196 371 1260 438 373

203 537 254 605 26.
305 540 394 604 Venit
422 541 515 623 igitur
546 541 740 627 evangelium
771 545 900 626 primum
933 563 950 608 n
979 544 1122 627 filietate,
1156 545 1262 629 inquit,

112 665 170 730 per
192 647 378 712 assidentem
415 647 555 713 archonti
589 649 679 713 hlium
714 648 753 713 ad
791 649 984 736 archontem,
1018 659 1049 715 et
1080 650 1183 715 didicit
1207 672 1261 715 ar-

112 755 195 819 chou
226 775 261 821 se
291 775 354 820 non
384 773 456 820 esse
486 756 575 820 deum
606 758 835 842 universorum,
866 757 921 823 sed
944 751 1126 842 generalium
1149 764 1179 821 et
1201 758 1261 822 ha-

112 865 236 928 bentem
259 883 409 946 superse
432 864 595 928 inollabilis
625 874 656 930 et
685 866 911 930 innominabilis
940 869 1104 932 non-eutis
1127 873 1158 930 et
1180 866 1299 932 illie-to

112 975 182 1038 totis
205 975 371 1056 repositum
395 971 581 1057 thesaurum,
605 980 637 1036 et
654 991 824 1039 conversus
842 982 932 1038 estet
950 976 1064 1058 metuit,
1082 972 1260 1058 intelligens

110 1081 226 1162 inqua
251 1080 485 1144 essetinscitia.
536 1081 621 1163 lloc,
649 1080 765 1165 inquit,
799 1087 848 1144 est
877 1081 908 1144 id
941 1082 1023 1164 quod
1058 1081 1259 1145 dictumest:

111 1187 300 1269 Principium
322 1189 496 1270 sapientiae
518 1189 609 1251 timor
631 1189 756 1252 domini.
801 1188 919 1270 lncepit
941 1190 1021 1252 enim
1044 1189 1169 1272 sapiens
1192 1188 1257 1252 lieri

111 1295 264 1358 institutus
301 1295 339 1358 ab
379 1295 534 1358 assidente
572 1294 710 1380 Christo,
748 1295 858 1360 doctus
890 1299 959 1378 quis
991 1305 1077 1362 esset
1108 1314 1259 1381 non-ens,

112 1420 193 1484 quae
216 1400 342 1486 hlietas,
371 1401 439 1484 quis
462 1401 584 1485 spiritus
607 1409 751 1488 sanctus,
785 1421 866 1485 quae
895 1405 1110 1470 universorum
1134 1403 1298 1490 fabricam

112 1526 174 1592 quo
198 1509 277 1574 haec
299 1528 427 1574 evasura
451 1511 519 1574 sint.
571 1511 657 1574 llaec
680 1519 728 1574 est
748 1513 898 1592 sapientia
932 1514 964 1575 in
992 1512 1140 1595 mysterio
1169 1511 1260 1596 dicta,

112 1615 152 1680 de
176 1635 251 1700 qua,
271 1618 382 1702 inquit,
407 1619 554 1700 scriptura
579 1615 665 1680 dicit:
695 1637 757 1682 aon
779 1619 812 1682 in
834 1619 935 1682 doctis
956 1619 1109 1683 homonoe
1129 1621 1260 1702 sopien-

111 1726 175 1788 tioe
197 1724 313 1803 verbis,
336 1725 393 1788 aed
414 1727 447 1788 in
464 1725 563 1788 doctis
586 1725 723 1806 spirituo.
768 1724 923 1790 lnstitutus
946 1727 1053 1811 igitur,
1076 1727 1180 1811 inquit,
1204 1745 1259 1790 ar-

111 1831 192 1896 chon
229 1838 260 1896 et
302 1831 411 1896 doctus
453 1839 485 1895 et
513 1830 544 1894 io
573 1833 713 1896 timonem
748 1835 907 1898 coniectus
942 1835 1104 1899 confessus
1137 1840 1185 1899 est
1218 1834 1259 1899 de

110 1945 257 2022 peccato,
287 1939 371 2022 quod
401 1940 553 2004 commisit
581 1937 780 2024 magnificans
811 1955 892 2003 sese.
944 1939 1028 2027 lloc,
1058 1943 1172 2026 inquit,
1202 1950 1296 2028 est,25

111 2045 194 2126 quod
219 2045 330 2109 dictum
354 2054 418 2111 est:
442 2046 603 2109 Peccatum
632 2065 731 2108 meum
762 2045 901 2110 intellexi
931 2055 962 2110 et
990 2047 1134 2112 delictum
1160 2067 1258 2111 meum

110 2172 265 2234 opnosco,
300 2153 340 2216 cle
371 2153 430 2216 boe
470 2153 637 2236 confitebor
670 2155 704 2216 in
738 2161 904 2218 oeternum.
963 2154 1125 2237 Postquam
1164 2153 1258 2238 igitur

110 2261 262 2324 institutus
294 2266 340 2323 est
371 2279 501 2343 magnus
535 2263 666 2345 archon,
688 2261 823 2324 institute
858 2268 958 2324 autem
992 2268 1040 2324 est
1075 2269 1106 2325 et
1139 2260 1257 2324 erudita

4 2411 6 2452 ;
111 2369 210 2430 omnis
233 2367 381 2448 ogdoadis
409 2376 550 2434 creatura
580 2378 611 2434 et
642 2366 829 2432 intellectum
856 2375 903 2431 est
926 2367 1110 2430 caelestibus
1139 2373 1257 2450 myste-

109 2475 203 2558 rium,
227 2475 390 2556 oportebat
412 2475 539 2558 posthac
563 2477 653 2540 etiam
677 2473 715 2536 ed
738 2473 963 2539 hebdomadem
985 2475 1092 2538 uenire
1115 2493 1294 2558 evange-³0

109 2578 199 2662 lium,
222 2588 256 2644 ut
279 2583 369 2644 etiam
394 2581 594 2646 hebdomadis
616 2580 756 2645 similiter
778 2579 893 2643 archon
910 2581 1095 2646 edoceretur
1107 2588 1139 2644 et
1159 2600 1258 2644 evan-

109 2686 303 2769 gelizaretur.
348 2687 487 2751 Incendit
508 2689 602 2769 igitur
623 2687 701 2752 lilius
724 2688 827 2772 magni
850 2687 1005 2752 archontis
1036 2688 1097 2752 tilio
1119 2687 1257 2752 archon-

109 2796 145 2856 tis
169 2793 372 2860 hebdomadis
394 2794 514 2879 lumen,
552 2793 634 2876 quod
662 2796 729 2877 ipse
758 2793 891 2858 habebat
912 2797 1070 2860 incensum
1095 2815 1113 2860 e
1136 2794 1256 2859 sublimi

109 2915 126 2960 a
155 2897 295 2982 hlietete,
326 2907 357 2961 et
386 2898 571 2961 illuminatus
602 2905 649 2961 est
676 2897 754 2962 filius
788 2898 945 2962 archontis
978 2898 1194 2983 hebdomadis,
1226 2905 1257 2962 et

109 3005 262 3069 nunciavit
285 3006 478 3089 evangelium
503 3005 641 3069 archonti
665 3003 883 3092 hebdomadis,
913 3016 944 3071 et
966 3008 1083 3090 pariter
1105 3007 1142 3070 ad
1167 3009 1294 3090 prio-to

107 3128 172 3173 rem
210 3110 335 3174 modum
373 3117 404 3173 et
433 3112 501 3191 ipss
530 3111 562 3173 in
599 3116 713 3174 metum
741 3112 900 3174 coniectus
937 3119 968 3174 et
1000 3110 1164 3174 consessus
1198 3118 1254 3175 est.

107 3217 269 3298 Postquam
292 3219 383 3300 igitur
406 3219 497 3283 etiam
520 3219 550 3281 in
573 3216 767 3282 hebdomade
798 3219 899 3280 omnia
929 3217 1095 3282 illuminata
1126 3224 1197 3281 sunt
1225 3225 1254 3281 et

107 3326 281 3389 nunciatum
312 3333 360 3388 est
391 3326 585 3408 evangelium
608 3325 645 3389 iis
669 3323 840 3408 (creaturae
872 3325 954 3388 enim
986 3332 1057 3388 sunt
1091 3343 1147 3408 per
1170 3325 1254 3407 ipsos

107 3433 218 3514 modus
249 3451 289 3496 ex
311 3431 431 3496 illorum
462 3434 610 3514 opinione
643 3431 779 3495 infinitae
811 3438 843 3495 et
872 3433 998 3514 imperia
1024 3440 1054 3495 et
1083 3438 1254 3513 potestates

107 3546 136 3601 et
158 3540 401 3624 dominationes,
426 3539 465 3603 de
489 3539 599 3621 quibus
623 3538 786 3603 admodum
810 3540 922 3624 longus
946 3547 994 3602 est
1015 3557 1117 3604 sermo
1135 3556 1291 3609 secun-oo

107 3644 176 3708 dum
201 3663 257 3709 eos
279 3645 379 3710 multis
408 3655 577 3729 conceptus
608 3645 728 3728 verbis,
757 3646 810 3709 ubi
843 3653 874 3709 et
904 3654 1059 3712 trecentos
1092 3648 1253 3731 sexaginta

106 3755 240 3835 quinque
272 3753 378 3818 caelos
407 3754 574 3836 loquuntur
597 3771 802 3838 magnumque
830 3753 1008 3818 archontom
1044 3773 1151 3818 eorum
1182 3772 1253 3818 esse

106 3861 260 3944 Abrasax,
283 3861 406 3943 quando
430 3879 542 3925 nomen
577 3863 643 3924 eius
673 3863 830 3925 contineat
858 3862 1007 3925 calculum
1032 3860 1106 3948 365,
1136 3871 1167 3926 ut
1190 3880 1252 3925 no-

105 3981 407 4060 introspiciunt}
491 3986 536 4038 2³.
555 3987 600 4040 24.
625 3981 761 4050 lCor·2,
784 3986 825 4040 13.
897 3987 943 4040 26.
964 3984 1206 4059 ἓξομολογῆσατοί]
1222 3985 1251 4042 Μ

106 4077 219 4131 27-29.
241 4074 284 4131 Cf.
300 4075 401 4131 Psalm.
426 4076 506 4141 31‚5
536 4076 590 4143 Τὴν
609 4075 728 4150 ἀνομίαν
742 4097 798 4150 μου
822 4077 968 4150 ἐγνώρισα,
991 4079 1038 4133 καὶ
1054 4079 1098 4146 τὴν
1116 4078 1251 4152 ἁμαρτίαν

104 4189 156 4241 μου
170 4168 363 4240 odxtxdtvpe,
376 4171 453 4224 elno·
469 4167 652 4241 'liioycpmiom
670 4168 728 4223 κατ’
746 4169 813 4242 ἰμοῦ
831 4169 874 4236 mir
893 4169 1014 4243 ἀνομίαν
1029 4191 1084 4243 μου
1102 4171 1137 4243 τῷ
1154 4173 1249 4242 κυρίῳ.

105 4257 339 4332 32.εὖσ“ομάδαο
453 4257 498 4313 33.
518 4258 563 4312 34.
592 4257 841 4330 εὐαγγελισθὴσηται
857 4255 887 4312 Μ
905 4257 1062 4313 Buuseuius
1135 4259 1180 4313 ³4.
1202 4252 1251 4312 οὖν

105 4367 146 4402 om
164 4347 185 4403 C
203 4348 233 4405 Μ
252 4347 409 4404 Buusenius
521 4347 565 4402 ³5.
585 4347 750 4419 εῠδομάδος,
772 4355 800 4400 ot
817 4347 858 4402 sic
879 4365 997 4419 semper.
1016 4345 1046 4402 Μ
1162 4344 1249 4424 αὐτὸς]

104 4437 235 4501 ahimelec
325 4441 370 4494 39.
397 4434 647 4510 iiopcioyrjommC
738 4438 782 4493 41.
800 4437 873 4508 κατ’]
892 4439 939 4492 καὶ
956 4433 1052 4491 κατἘ
1073 4433 1250 4502 Uhlhornins,

104 4533 146 4606 qui
166 4541 229 4604 post
248 4532 343 4596 αὐτοὺς
362 4531 495 4586 excidisse
516 4537 594 4602 putat
611 4529 671 4590 τοὺς
686 4529 783 4591 πόπους
795 4531 846 4583 τῶν
862 4529 1000 4602 ἀρχόντων
1017 4528 1060 4584 vel
1080 4528 1168 4583 similo
1183 4527 1249 4602 quid
