3052 4984
265 343 330 414 466
374 347 595 440 (ρετινετ.)
721 353 815 413 unm
838 355 882 428 1x‚
909 360 955 413 ιι.

240 537 253 587 1
355 515 403 581 15.
454 518 500 581 Τδ
521 521 582 602 μὲν
603 515 662 584 οδν
682 518 847 605 βάπτισμα
867 517 1080 596 τοίςάπάύτ
1107 563 1190 582 .....
1214 524 1299 590 ένοις
1322 515 1440 588 οὔτίνες

263 623 484 710 παραδίδωσι,
519 625 628 691 τοιοίδε
659 625 760 708 λέγων
791 639 856 704 τοῖς
893 626 1133 712 ἀπατωμένοις·
1177 625 1226 688 Εἴ
1245 646 1304 697 τις
1345 619 1438 697 οὖν,

262 735 387 811 τέκνα,
409 733 651 821 ἐπλησίασεν
665 734 886 823 οίῳδῆποτε
903 734 984 824 ζηίῳ
1003 736 1176 822 ῆάρρενι
1191 729 1394 820 ῆάδελφῆ
1418 735 1440 814 ῆ

263 843 456 928 θυγατρί,
476 844 497 927 ῆ
518 842 750 926 ἐμοίχευσεν
766 843 1026 930 ῆέπύρνευσε,
1049 847 1117 907 καὶ
1139 837 1250 902 θέλει
1271 839 1439 921 ἄφεσιν

241 945 407 1031 υλαβετν
427 953 505 1014 τῶν
527 949 747 1037 ἀμαρτιάν,
772 950 843 1039 ἀφ’
861 946 907 1016 οδ
923 954 971 1016 ἀν
992 949 1148 1038 ἀκούση
1176 949 1241 1032 τῆς
1271 943 1438 1028 δίβλθυ

262 1055 416 1145 ταύτης,
430 1055 1200 1146 βαπτισύσθωδνδευτέρουίνδνδματι
1215 1059 1280 1118 τοῦ
1301 1053 1436 1136 μεγά-

261 1161 332 1229 λου
354 1168 421 1228 καί
442 1163 617 1252 ύψίστου
639 1171 741 1232 θεού
763 1172 828 1230 καὶ
848 1167 890 1232 δν
912 1163 1085 1249 δνύματι
1108 1161 1196 1227 υίού
1211 1160 1344 1238 αύτοῡ,
1360 1167 1436 1223 τού

261 1268 438 1350 μεγάλου
459 1270 669 1352 βασιλέως,
702 1275 771 1334 καί
797 1269 1065 1358 ααθαρισύτοι
1095 1272 1159 1332 καί
1186 1265 1435 1347 ἀγνευσάτοι

264 1375 743 1464 καίέπιμαρτυρησάσθω
765 1377 893 1464 ἑαυτῷ
915 1380 1003 1452 τούς
1023 1375 1121 1440 ἑπτά
1141 1373 1356 1462 μα’ρτυρας
1371 1397 1434 1452 γε-

229 1486 523 1570 ιογραμμένους
544 1485 587 1550 έν
608 1491 649 1577 τῆ
670 1486 791 1575 βίβλῳ
820 1487 951 1576 ταύτη,
985 1486 1049 1549 τὸν
1079 1482 1256 1564 οὐρανὸν
1285 1487 1356 1544 καὶ
1388 1485 1433 1545 τὸ

237 1590 374 1679 ’ύδωρ
404 1597 470 1657 καὶ
502 1593 547 1658 τά
577 1593 788 1678 πνεύματα
817 1595 860 1658 τά
891 1593 987 1669 ἀγια
1019 1596 1086 1656 καὶ
1117 1592 1209 1666 τοδς
1229 1588 1434 1670 ἀγγέλους

266 1703 332 1786 τῆς
353 1704 579 1788 προσευχῆς
600 1707 666 1766 καί
688 1703 727 1767 τὸ
749 1702 895 1767 ἔλαιον
916 1707 982 1766 καὶ
1000 1703 1041 1765 τὰ
1059 1699 1160 1775 ἀλας
1176 1703 1244 1762 καὶ
1260 1699 1326 1784 τῆν
1343 1705 1433 1782 γῆν.

274 1811 385 1872 Ταύτα
406 1808 445 1873 τά
467 1809 640 1893 θαυμάσια
661 1811 817 1897 μυστήρια
845 1813 900 1875 τοῦ
921 1809 1078 1891 Ἠλχασαί
1103 1811 1142 1872 τά
1172 1805 1340 1894 ἀπόρρητα
1375 1813 1433 1870 καὶ

270 1915 412 2000 μεγάλα,
434 1917 457 1979 ἀ
478 1915 683 2002 παραδίδωσι
704 1927 768 1994 τοῖς
792 1917 893 1996 ἀξίοις
913 1921 1094 2004 μαθηταῖς·
1125 1914 1171 1991 οίς
1199 1914 1257 1980 οδε
1279 1914 1432 2000 ἀρκεῖται

233 2020 291 2086 1οδ
313 2023 450 2106 ἄνομος,
485 2022 556 2088 ἀλλ’
585 2025 639 2090 ἐπί
662 2025 721 2090 δύο
755 2032 811 2090 καί
842 2023 937 2114 τριοῖν
964 2027 1135 2113 μαρτύρων
1162 2021 1365 2111 ἀνσῳραγίζει
1389 2018 1431 2087 τὰ

273 2127 388 2196 ἑαυτοῦ
409 2132 510 2210 κακοί,
532 2132 633 2198 πάλιν
653 2133 752 2210 οὕτως
774 2134 894 2214 λέγων·
931 2133 1066 2199 Πάλιν
1098 2133 1213 2214 λέγοι,
1244 2129 1432 2215 ἀμοιχοὶ

271 2244 339 2303 καὶ
358 2239 599 2324 μοιχαλίδες
621 2247 684 2306 καὶ
707 2243 1061 2330 ψευδοπροφῆται,
1084 2241 1157 2306 έάν
1178 2239 1321 2326 θέλητε
1341 2239 1432 2304 έπι-

274 2350 447 2437 στρέψαι
482 2355 551 2415 ίνα
585 2347 878 2437 ἀφεθῆσοινται
912 2349 1009 2434 ύμίν
1041 2347 1084 2412 αἱ
1117 2347 1327 2432 ἁμαρτίαι,
1362 2355 1432 2411 καὶ

274 2454 373 2541 ύμῖν
394 2457 531 2545 είρῆνη
553 2461 620 2522 καὶ
640 2461 757 2546 μέρος
777 2458 872 2543 μετὰ
895 2463 970 2523 τῶν
992 2457 1178 2534 δικαίων,
1208 2453 1273 2542 ἀφ’
1301 2451 1354 2521 ού
1376 2460 1432 2521 ἀν

236 2560 467 2652 νοάιιούσητε
486 2569 548 2652 τῆς
569 2565 712 2648 βίβλου
734 2566 869 2652 ταύτης
896 2571 961 2630 καὶ
992 2568 1243 2650 βαπτισθῆτε
1272 2563 1314 2628 έιι
1336 2563 1430 2628 δευ-

272 2674 387 2759 τέρου
410 2674 483 2739 σδν
504 2684 589 2750 τοῖς
610 2673 841 2758 ἐνδύμασιν.
889 2671 973 2738 Ἀλλ’
1000 2672 1071 2738 ἐπεί
1099 2670 1269 2748 έπαοιδαῐς
1297 2669 1430 2748 τούτους

272 2781 404 2864 εἴπομεν
425 2783 566 2867 χρῆσθαι
581 2781 636 2845 έπί
655 2805 687 2846 τε
704 2781 904 2868 ιιυνοδῆατων
922 2786 976 2844 καὶ
989 2780 1120 2868 ἑτέρων,
1146 2779 1309 2863 δείξομεν·
1341 2779 1428 2861 λέγει

274 2885 310 2950 δὲ
334 2887 446 2964 οὕτως·
462 2889 526 2952 ’Λν
547 2889 620 2954 τιν’
642 2885 717 2955 ούν
739 2889 872 2976 ἀνδρα
895 2893 915 2976 ῆ
935 2901 1108 2970 γυναῖκα
1129 2891 1150 2974 ῆ
1171 2886 1362 2974 νεοίτερον
1380 2893 1431 2973 Ιῆ

272 2999 476 3083 νεωτέραν
510 2997 616 3062 κύαν
649 2996 806 3061 λυσσύν
836 3001 903 3062 καί
931 2997 1189 3081 μαινόμενος,
1221 2995 1262 3061 έν
1294 2991 1323 3083 ῳ
1349 2995 1427 3060 ἐστι

235 3107 428 3187 τεπνεύμα
450 3103 703 3192 διαφθορᾶς,
735 3103 836 3195 δάκη
858 3109 879 3190 ῆ
900 3109 1109 3196 περισχίση
1131 3108 1151 3191 ῆ
1172 3105 1424 3194 προσψαύση,

272 3211 316 3275 έν
338 3209 434 3302 αδτῆ
451 3215 494 3304 τῆ
513 3211 594 3298 τύρᾳ
618 3210 800 3298 δραμέτυ
823 3216 891 3279 σδν
912 3219 1028 3279 παντὶ
1050 3216 1101 3302 τῷ
1131 3215 1331 3300 ψορέματι
1358 3219 1426 3276 καί

272 3321 454 3402 καταβὰς
476 3318 534 3395 εἰς
555 3319 733 3403 ποταμδν
755 3321 853 3407 ῆείς
874 3321 1018 3408 πηγῆν,
1054 3321 1158 3386 ὅπου
1188 3323 1236 3385 ἀν
1262 3319 1424 3412 ῆτύπος

270 3427 423 3509 βαθύς,
445 3425 723 3510 βαπτισάσθιυ
747 3428 845 3516 [σύν]
869 3434 993 3495 παντί
1018 3432 1068 3516 τῷ
1090 3431 1287 3515 ῳορέματι
1309 3426 1422 3492 αύτοῦ

273 3538 340 3598 καὶ
360 3534 656 3622 προσευξάσθω
677 3539 727 3624 τῷ
748 3536 904 3625 μεγάλῳ
925 3543 991 3601 καὶ
1008 3533 1163 3624 ύψίστῳ
1183 3539 1267 3624 θεῷ
1282 3535 1422 3622 ένκαρ-

237 3639 368 3718 οοδίας
390 3645 533 3721 πίστει,
569 3645 635 3706 καὶ
665 3643 748 3708 τότε
782 3643 1187 3731 έπιμαρτυρησάσθω
1218 3644 1303 3719 τυδς
1329 3643 1420 3708 ἑπτά

273 3749 481 3838 μα’ρτυρας
501 3749 590 3827 τούς
609 3754 913 3836 γεγραμμένους
934 3752 977 3817 έν
992 3757 1033 3844 τῆ
1048 3750 1310 3843 βίβλῳταύτη.
1330 3751 1418 3816 ’ldae

273 3857 536 3945 μαρτύρομαι
559 3859 624 3924 τδν
646 3857 823 3946 ούρανδν
852 3865 919 3925 καί
941 3861 980 3926 τὸ
1010 3860 1119 3946 ύδιυρ
1151 3863 1218 3923 καί
1246 3862 1289 3924 τὰ
1315 3859 1420 3924 πνεύ-

271 3989 372 4050 ματα
394 3967 437 4030 τά
460 3965 558 4047 ἅγια
581 3971 644 4030 καὶ
666 3968 753 4042 τούς
774 3966 963 4048 ἀγγέλους
985 3973 1049 4055 τῆς
1070 3973 1290 4056 προσευχῆς
1306 3969 1419 4032 καὶτὸ

273 4070 410 4139 ἔλαιον
431 4079 495 4138 καὶ
516 4073 556 4138 τδ
579 4072 681 4150 ἀλας
703 4077 767 4137 καί
787 4073 853 4160 τῆν
874 4079 956 4160 γῆν.
1004 4075 1174 4148 Τούτους
1207 4073 1299 4148 τούς
1328 4073 1418 4138 ἑπτά

352 4265 373 4320 l.
393 4263 443 4318 ἀπ’
464 4263 515 4317 αδτ
530 4300 647 4317 .....
668 4263 749 4332 ένοις]
774 4260 821 4318 ἀπ’
848 4261 929 4315 αύιού
954 4259 1138 4334 ἀπαγομένοις
1169 4261 1202 4318 R.
1230 4262 1351 4319 Scottus:
1374 4263 1415 4318 ἀπ’

273 4355 367 4412 ίαδῐοῦ
391 4355 537 4429 ἀγομένοις
558 4353 600 4408 vel
628 4353 676 4408 ἀπ’
703 4354 783 4408 αὑτοῦ
806 4355 979 4427 γενομένοιςέ
1146 4357 1172 4408 2.
1199 4355 1225 4410 3.
1254 4351 1318 4421 οὖν,
1344 4358 1415 4421 πίννα,

274 4449 418 4512 πλησίοισιν
443 4446 587 4518 είῳύῆποτι
615 4443 647 4502 R.
676 4445 808 4503 Scottus:
841 4437 890 4500 οὖν
919 4444 994 4494 τέκνα
1020 4443 1166 4509 πλησιάσει,
1190 4446 1205 4512 ῆ
1231 4448 1361 4514 οίοδῆποτε
1383 4444 1413 4500 G:

275 4531 323 4590 οὖν
341 4540 431 4608 τεκνίῳ
451 4537 597 4604 πλησιάσιι,
621 4537 637 4604 ῆ
666 4540 740 4610 οίῳδ.
767 4538 838 4593 coni.
864 4531 907 4588 M:
938 4527 987 4588 ούν
1010 4537 1089 4606 τέκνῳ
1118 4539 1286 4603 ἐπλησίασεν,
1312 4537 1327 4604 ῆ
1350 4537 1412 4609 οίῳδ.
