3056 4970
617 335 783 398 tunnulis.
1208 335 1269 403 195

120 509 173 569 est
193 503 225 566 iu
246 502 318 566 luce
341 503 518 585 conspicua.
564 503 628 588 llic,
651 504 758 588 inquit,
782 509 831 568 est
852 521 996 587 magnum
1012 502 1205 587 principium,
1229 503 1269 566 de

121 629 186 693 quo
216 609 363 693 scriptum
393 616 449 674 est.
501 609 549 672 De
578 609 656 695 boc,
685 613 797 695 inquit,
828 609 1023 673 dictumest:
1058 611 1095 673 ln
1114 611 1268 692 principio

124 725 196 780 erot
216 717 351 795 cotom,
375 725 406 780 et
425 716 552 781 corbem
574 725 644 781 erut
660 719 757 808 'epod
790 719 897 796 ἀοοοι,
927 724 960 780 ct
986 717 1062 779 deus
1093 725 1164 780 crat
1192 735 1269 782 cer·

122 823 204 886 bema
248 823 316 886 Hoc
345 831 416 887 crat
442 824 476 887 in
503 825 677 906 principio.
691 825 777 906 cpad
803 825 901 887 dcam
954 822 1069 886 Omoic·
1088 843 1146 903 por
1171 825 1308 905 ipsumts

120 930 214 1010 facto
233 937 322 1008 mat,
355 939 387 993 ct
407 932 474 994 sinc
496 932 564 1014 ipso
585 930 703 1010 facturn
725 940 773 994 est
792 931 879 993 nibil.
924 930 1016 1007 Quod
1033 928 1150 1008 [actum
1172 939 1219 994 ort
1237 934 1271 994 in

125 1024 204 1119 ipso,
226 1037 292 1101 cito
313 1043 369 1100 sat.
412 1035 446 1100 ln
470 1039 538 1119 ipsc
562 1046 673 1121 eutem,
696 1037 803 1120 inquit,
826 1036 889 1100 Eva
912 1037 991 1100 iacta
1015 1043 1069 1121 est,
1092 1035 1156 1100 Eva
1170 1043 1269 1100 autem

124 1145 198 1208 vite.
242 1143 328 1207 llaec
350 1150 453 1206 autern
477 1150 539 1227 est,
562 1144 677 1226 lnquit,
704 1143 782 1228 Eva,
814 1149 913 1206 mater
936 1142 1069 1206 omnium
1093 1142 1269 1227 viventium,

125 1252 297 1314 communis
329 1257 452 1331 natura,
490 1248 551 1313 boc
580 1257 627 1314 est
663 1249 791 1314 deorum
827 1249 1024 1334 angelorum,
1058 1249 1269 1313 immortalium
1356 1313 1365 1322 ,

127 1357 318 1440 mortalium,
350 1356 473 1421 ratione
506 1357 674 1420 carentium
703 1357 823 1419 ratione
855 1356 1084 1438 praeditorum;
1117 1375 1185 1420 nem
1218 1357 1309 1438 quito

129 1465 265 1530 omnium
288 1463 380 1548 dixit,
403 1465 515 1546 inquit,
538 1465 671 1528 omnium
695 1463 779 1527 dixit.
822 1461 908 1526 Etsi
931 1465 1032 1547 cuius,
1062 1464 1167 1545 inquit,
1191 1463 1272 1526 oculi

126 1571 228 1654 boati,
257 1569 307 1634 bic
334 1569 452 1636 ridebit
474 1570 617 1636 attollens
640 1571 746 1634 oculos
769 1571 800 1632 in
823 1570 940 1634 caelum
963 1572 1115 1652 serpentis
1136 1569 1271 1652 pulcram

127 1678 294 1763 imaginem
318 1677 349 1741 in
373 1696 487 1762 magno
510 1677 660 1760 principio
684 1676 763 1741 caeli
786 1695 858 1741 sese
878 1684 1049 1740 vertentem
1076 1684 1108 1740 ct
1123 1679 1272 1741 -existen-

127 1793 190 1850 tem
212 1785 392 1867 principium
417 1786 516 1849 omnis
538 1793 639 1849 motus
663 1785 803 1848 omnibus
826 1782 1021 1868 quaedum,
1049 1789 1081 1846 ct
1101 1789 1273 1868 cognoscet

127 1895 196 1958 siue
218 1893 271 1957 illc
295 1892 369 1956 nibil
398 1910 500 1975 neque
530 1890 709 1958 caelestium
742 1908 846 1972 neque
874 1891 1064 1954 terrestrium
1093 1909 1195 1972 noque
1219 1893 1309 1956 in-rs

126 1999 290 2068 tomellum
314 1999 499 2065 constitisse.
554 1999 624 2064 Non
653 2016 733 2084 nox,
762 2016 824 2062 non
847 1997 936 2082 luna,
965 2015 1028 2062 nou
1050 1995 1175 2082 lrugei,
1208 2015 1270 2062 non

127 2107 291 2192 genitura,
328 2123 391 2170 nou
420 2105 560 2190 divitiae,
591 2123 654 2170 uon
684 2107 846 2190 migratio,
879 2121 938 2168 uec
961 2105 1085 2168 omnino
1107 2103 1274 2187 quidquam·

129 2230 238 2277 eorum
262 2229 343 2294 quae
366 2221 436 2276 suut
457 2213 593 2277 estsine
616 2213 825 2294 gubernatore
854 2211 917 2276 illc.
965 2209 1005 2290 ¹lu
1033 2209 1094 2274 boc
1124 2218 1190 2297 est,
1221 2213 1272 2275 tn-

130 2319 205 2404 quit‚
227 2337 373 2403 magnum
394 2317 588 2404 miraculum,
611 2319 693 2400 quod
717 2321 853 2383 cernitur
876 2319 914 2382 iis
937 2318 968 2381 in
992 2319 1080 2382 coelo
1092 2367 1100 2402 ,
1123 2320 1175 2400 qui
1197 2338 1273 2402 pos-

128 2433 200 2492 sunt
222 2441 365 2490 oernere.
408 2425 529 2489 Etenim
553 2425 592 2489 ad
618 2443 769 2489 summum
797 2425 864 2489 eius
893 2431 993 2509 caput,
1028 2423 1110 2507 quod
1139 2426 1308 2488 maximeac

128 2531 313 2598 incredibile
336 2539 383 2596 est
405 2533 442 2596 iis
465 2534 518 2614 qui
540 2534 696 2614 nesciunt,
728 2533 897 2594 miscentur
926 2537 957 2593 et
979 2547 1109 2594 occasus
1132 2535 1164 2593 et
1187 2538 1272 2596 onus

126 2639 269 2706 invicem.
313 2639 381 2704 Hoc
403 2645 459 2724 ost,
482 2639 521 2702 de
544 2657 606 2722 quo
630 2639 706 2703 dixit
726 2639 910 2721 ignorantia,
932 2639 962 2700 in
986 2634 1074 2701 caelo
1183 2667 1185 2672 ·

258 2745 390 2812 volvitur
413 2764 556 2831 magnum
579 2747 756 2812 miraculum
780 2745 875 2809 draco
899 2745 977 2809 uasti
999 2743 1141 2826 portenti.

127 2851 176 2918 Ab
209 2859 340 2934 umque
371 2859 472 2918 autem
505 2859 592 2936 parte
623 2855 761 2936 eppcsita
790 2860 839 2917 est
867 2868 984 2917 corono
1017 2858 1048 2914 et
1074 2851 1141 2934 lyra
1171 2859 1202 2915 et
1232 2849 1269 2913 ad

126 2960 224 3042 ipsum
259 2976 395 3042 superne
426 2977 576 3024 summum
604 2965 695 3043 caput
722 2958 903 3025 miserabilis
932 2957 1046 3042 bomo,
1080 2959 1132 3039 qui
1160 2964 1207 3020 est
1239 2958 1309 3019 into

126 3065 277 3150 genubus,
300 3072 349 3130 est
370 3067 564 3151 conspicuus,

214 3171 315 3238 dextri
336 3173 426 3256 pedis
449 3181 621 3238 extremum
642 3171 761 3238 babens
783 3172 868 3236 iuxta
891 3177 1006 3235 vastum
1029 3170 1205 3237 draconem.

127 3277 177 3344 Ad
201 3277 326 3344 domum
349 3288 451 3344 autem
473 3281 556 3362 elus,
590 3281 699 3362 quiin
729 3277 871 3362 genubus
898 3286 963 3362 est,
995 3277 1192 3360 imperfectus
1224 3286 1272 3344 ost

128 3403 268 3472 serpens,
296 3385 442 3451 embebus
465 3387 604 3450 manibus
627 3384 813 3450 constrictus
837 3385 875 3448 ab
899 3383 1053 3466 opbiocbo
1076 3390 1108 3448 et
1128 3385 1272 3467 probibi—
1323 3409 1328 3432 a

127 3499 180 3556 tus
201 3495 353 3578 attingere
375 3509 524 3558 coronam
547 3491 741 3558 adiacentem
763 3490 903 3574 perlecto
926 3491 1072 3573 serpenti.
1279 3501 1310 3554 to

218 3639 266 3706 lt.
311 3641 397 3707 llaec
419 3640 560 3725 pervarie
583 3640 732 3724 snpientia
750 3637 891 3726 haeresis
901 3636 1069 3721 Pereticee,
1094 3655 1183 3718 quam
1200 3637 1270 3702 edi-

127 3765 202 3811 cere
224 3747 399 3812 unirersam
424 3746 552 3811 arduum
577 3753 638 3832 est,
661 3755 720 3810 tum
744 3763 868 3828 pravom
892 3745 987 3824 illam,
1011 3746 1081 3825 quia
1105 3763 1144 3808 ex
1167 3753 1271 3810 astro·

124 3855 269 3936 logcrum
291 3862 357 3918 arto
379 3855 501 3919 videtur
524 3853 655 3920 deducte
678 3869 760 3917 esse.
807 3853 958 3925 Quantum
980 3851 1073 3934 igitur
1095 3849 1163 3914 lieri
1177 3859 1272 3932 pote-

124 3966 183 4043 rat,
206 3960 313 4042 paucis
336 3977 459 4025 omnem
481 3961 543 4024 vim
567 3961 634 4023 eius
660 3958 870 4043 exposuimus.
907 3957 959 4020 ⁴Ut
981 3963 1081 4021 autern
1103 3974 1160 4039 per
1182 3976 1271 4022 com-

126 4165 266 4240 dlldlpcw
388 4168 432 4225 78.
462 4165 504 4224 Cl.
525 4167 602 4223 Arar.
621 4185 647 4223 v.
666 4169 702 4222 46
738 4170 841 4223 εἰλεῖται
852 4169 929 4244 μέγα
946 4167 1058 4241 θαῦμα,
1076 4165 1195 4240 Δράκων,
1213 4165 1275 4236 περὶ

122 4257 148 4314 r'
158 4259 233 4332 ἀμφι·
242 4257 356 4331 r’luydc
366 4272 378 4333 ῃ
388 4264 486 4333 μυρίος
504 4269 533 4314 et
541 4277 623 4332 supra
631 4276 658 4331 p.
671 4259 731 4324 llb,
750 4261 787 4315 84
796 4261 869 4333 μέγα
883 4261 980 4332 θαῦμα
991 4259 1141 4331 Δράκοντος
1152 4255 1274 4328 πελώρου

128 4351 173 4406 79.
194 4348 237 4405 Cl.
256 4367 339 4422 supra
358 4369 385 4424 p.
407 4351 467 4416 1¹8,
489 4352 522 4406 ta
635 4351 681 4406 82.
708 4350 793 4412 ποδὸς
811 4351 895 4423 ἄκρον
914 4353 968 4423 ἔχει
984 4348 1086 4405 Arctus
1104 4365 1129 4402 r.
1149 4347 1198 4401 to:
1225 4361 1275 4400 nc·

126 4444 175 4504 δός
192 4443 268 4514 ἴχνος
285 4445 355 4516 ἔχων
373 4459 454 4515 supra
473 4461 501 4515 p.
523 4442 583 4508 tte.
605 4441 636 4497 ll
754 4443 791 4499 86
809 4442 852 4510 τῆς
870 4457 914 4496 om
935 4438 957 4496 C

919 4535 987 4600 13*
