3050 4988
217 331 280 397 308
325 331 458 416 (ροσε.)
612 337 706 394 unua
728 337 773 409 w,
797 339 847 394 ιτ.
871 339 922 395 ιι.

214 499 317 590 ἑαυτῷ
338 501 421 583 ἔχειν
442 503 532 586 ἕτερα
553 502 741 586 γράμματα,
775 501 818 566 δι’
846 496 892 566 ὦν
912 501 947 565 τδ
970 501 1076 584 ὄνομα
1103 504 1161 565 τοῦ
1181 503 1366 585 γράμματος

178 619 207 668 τί
215 607 402 693 ὀνομάζεται
409 658 420 687 ,
451 613 505 672 καὶ
526 608 591 694 μιλν
618 608 719 674 πάλιν
749 610 787 673 τά
815 611 905 694 έττροι
936 607 978 672 δι’
1006 608 1115 672 ἄλλων
1144 606 1364 692 ὀνομάζεσθαι

213 716 417 803 γραμμάτων,
440 720 494 779 καί
514 716 553 780 τδ
575 715 662 780 ἄλλα
684 714 727 780 δι’
749 715 867 793 ἄλλων,
891 713 968 778 ὥστε
988 716 1033 790 είς
1047 715 1183 800 ἄπειρον
1203 715 1366 781 έκπίπτειν

213 821 248 887 τδ
271 822 419 909 πλῆθος,
450 821 519 904 ἰδίᾳ
556 825 619 888 τῶν
645 823 841 908 γραμμάτων
871 825 1068 909 γραφέντων.
1124 821 1233 897 Οδτως
1263 822 1300 885 δ’
1323 825 1367 886 άν

216 931 410 1017 σαφέστερον
430 929 539 1013 μάθοι
561 953 606 1006 τις
622 929 655 993 τδ
673 927 854 1013 λεγόμενον·
902 930 949 993 To
971 927 1068 993 δέλτα
1089 939 1241 1011 στοιχείων
1261 930 1366 1015 γράμ-

214 1061 300 1121 ματα
323 1037 385 1118 ἔχει
405 1037 442 1102 έν
462 1036 565 1125 ἑαυτῷ
587 1037 689 1114 πέντε,
712 1035 746 1100 τδ
769 1035 879 1114 δέλτοι,
903 1041 957 1100 καί
978 1035 1012 1100 τδ
1034 1037 1071 1114 εί,
1095 1042 1149 1100 καί
1169 1038 1203 1101 τδ
1221 1035 1362 1120 λάμβδα,

177 1149 269 1210 'lunai
290 1148 325 1210 τδ
346 1149 422 1222 ταῦ,
451 1149 506 1209 καὶ
527 1145 561 1209 τδ
584 1145 694 1231 άλφα,
728 1146 783 1208 καὶ
815 1141 894 1208 αδτδ
928 1147 1027 1208 ταῦτα
1056 1143 1094 1208 τά
1124 1145 1296 1228 γράμματα
1318 1143 1365 1207 δι’

215 1253 325 1318 ἄλλων
347 1252 517 1340 [γράφεται
538 1251 743 1339 γραμμάτων,
767 1253 881 1315 καὶτὰ
903 1250 1054 1316 ἄλλοδέ
1076 1251 1210 1340 άλλων].
1252 1252 1292 1316 Et
1306 1249 1365 1316 οὖν

215 1359 235 1446 ἢ
259 1363 351 1425 πάσα
373 1357 545 1436 δπόστασις
566 1363 621 1424 τοῦ
644 1358 740 1423 δέλτα
761 1357 807 1434 εἷς
829 1358 964 1446 ἄπειρον
984 1358 1144 1438 έκπίπωι,
1176 1358 1227 1424 δελ
1256 1359 1366 1424 ἄλλων

217 1467 303 1534 ἄλλα
337 1468 510 1555 γράμματα
539 1467 722 1550 γεννοίντων
749 1470 804 1530 καὶ
835 1465 1071 1550 διαδεχομένων
1105 1465 1242 1553 ἄλληλα,
1275 1469 1365 1552 πδσφ

217 1577 344 1661 μᾶλλον
377 1576 499 1641 ἐκείνου
532 1579 588 1641 τοῦ
618 1578 769 1657 στοιχείου
811 1573 928 1658 μείζον’
958 1574 1040 1640 εἶναι
1071 1575 1127 1639 τδν
1158 1575 1276 1639 πόντον
1303 1576 1367 1638 τάν

179 1682 430 1772 ττγραμμάτωνς
452 1688 506 1748 καὶ
527 1683 556 1748 εί
576 1682 611 1747 ιδ
633 1685 670 1747 έν
689 1681 824 1769 γράμμα
853 1682 988 1766 ἄπειρον
1015 1679 1131 1759 οὕτως,
1169 1680 1263 1769 δρᾶτε
1288 1681 1365 1746 δλου

216 1795 271 1856 τοῦ
293 1789 451 1874 ὀνόματος
471 1789 526 1855 τδν
547 1790 655 1874 βυθὸν
676 1793 740 1853 τῶν
758 1787 969 1874 γραμμάτων,
1000 1789 1035 1866 ἐξ
1057 1785 1104 1854 ὦν
1125 1791 1180 1854 τδν
1207 1790 1366 1876 προπά-

216 1922 307 1985 τορα
336 1897 519 1984 ἧΜάρκοο
543 1896 737 1983 φιλοπονία,
770 1895 898 1981 μᾶλλον
919 1896 955 1960 δὲ
975 1901 1192 1980 ματαιοπονία
1218 1895 1366 1980 βούλεται

217 2009 375 2072 σονιστάν.
419 2007 479 2070 Διδ
502 2006 630 2070 καὶτὸν
652 2007 805 2090 πατέρα
826 2003 1036 2088 ἐπιστάμενον
1064 2004 1098 2069 τδ
1120 2003 1284 2092 α’χάριμον
1305 2001 1367 2069 αδ-

216 2115 272 2177 τοῦ
294 2110 469 2176 δεδωκέναι
490 2119 555 2185 τοίς
576 2112 749 2190 στοιχείοις,
780 2109 803 2172 ά
826 2113 880 2173 καλ
902 2110 1059 2185 αἰῶνας
1080 2109 1186 2188 καλοί,
1215 2109 1263 2174 ἑνί
1291 2108 1367 2174 ἑκά-

181 2231 278 2302 ςοοιφ
301 2211 407 2278 αδτῶν
428 2213 483 2299 τὴν
505 2211 593 2277 ίδίαν
613 2211 794 2300 έκφοίνησιν
815 2213 951 2296 έκβοᾶν,
986 2213 1042 2278 διὰ
1068 2215 1102 2278 τδ
1127 2216 1171 2301 μή
1200 2213 1367 2280 δύνασθαι

220 2323 278 2384 ίνα
299 2318 334 2382 τδ
358 2316 436 2382 δλον
457 2317 623 2402 έκφωνετν.

304 2427 355 2490 44.
405 2427 517 2489 Ταῦτα
540 2422 576 2488 δὲ
599 2424 827 2509 σαφιγνίσασαν
853 2421 939 2511 αὐτῷ
968 2424 1023 2510 τὴν
1054 2429 1219 2511 τετρακτὺν
1250 2427 1360 2515 sluaa!

215 2541 344 2554 ...-
1068 2539 1356 2583 -ρ-ῇ-

216 2583 386 2670 τριάκοντα
411 2582 607 2670 γραμμάτων
629 2582 665 2646 έν
686 2579 789 2668 ἑαυτῷ
819 2581 901 2662 ἔχειν
927 2585 1016 2666 έτερα
1038 2583 1229 2670 γράμματα,
1261 2584 1304 2648 δι’
1325 2582 1366 2651 οὗ

215 2687 250 2754 τδ
273 2689 377 2772 ὄνομα
399 2691 454 2752 τοῦ
474 2687 660 2772 γράμματος
681 2685 884 2770 ὀνομάζεται,
908 2693 962 2751 καὶ
985 2685 1027 2752 αδ
1042 2688 1144 2752 πάλιν
1160 2689 1199 2753 τά
1215 2693 1304 2776 έπρα
1323 2691 1366 2754 δι’

217 2795 327 2860 ἄλλων
348 2791 566 2876 ὀνομάζεσθαι
587 2792 791 2877 γραμμάτων,
815 2797 869 2856 καλ
891 2793 929 2856 τά
944 2793 1031 2858 ἄλλα
1053 2793 1096 2857 δι’
1118 2794 1237 2873 ἄλλων,
1261 2794 1304 2872 ὠς
1320 2797 1366 2872 ελς

217 2900 353 2986 ἄπειρον
383 2897 545 2962 ἐκπίπτειν
576 2897 610 2962 τδ
640 2896 770 2984 πλῆθος
797 2902 861 2962 τῶν
888 2899 1093 2984 γραμμάτων.
1150 2900 1240 2964 Οὕτω
1264 2901 1302 2964 δ’
1322 2903 1366 2966 δν

218 3007 413 3091 σαφέστερον
433 3002 558 3087 μάθοις
579 3001 614 3066 τδ
636 2999 822 3085 λεγόμενον·

305 3113 334 3174 5.
384 3107 430 3171 Τδ
459 3105 553 3170 δέλτα
586 3115 739 3186 στοιχείων
769 3105 944 3193 γράμματα
974 3106 1010 3171 έν
1040 3107 1142 3194 ἑαυτῷ
1171 3108 1233 3191 ἔχει
1262 3111 1364 3189 πέντε,

218 3209 295 3277 αδτδ
318 3211 354 3276 δὲ
375 3211 409 3276 τδ
433 3210 528 3275 δέλτα
549 3213 604 3273 καί
625 3209 700 3280 τδῖ
723 3213 777 3273 καὶ
797 3209 832 3273 τδ
853 3209 984 3293 λάμβδα
1014 3217 1068 3276 καὶ
1096 3211 1130 3276 τδ
1161 3217 1222 3278 ταῦ
1248 3219 1302 3279 καὶ
1330 3215 1365 3280 τδ

218 3315 329 3402 ἄλφα,
353 3319 407 3379 καί
427 3318 525 3378 ταῦτα
547 3312 650 3377 πάλιν
665 3313 704 3376 τά
718 3312 890 3398 γράμματα
908 3313 951 3378 δι’
964 3313 1075 3379 ἄλλων
1086 3315 1245 3402 γράφεται
1261 3342 1366 3407 γραμ-

216 3420 335 3505 μάτων,
357 3423 411 3484 καὶ
432 3417 471 3482 τά
494 3416 580 3481 ἄλλα
603 3416 645 3480 δι’
667 3415 786 3481 άλλων.
829 3417 870 3482 Et
891 3415 949 3483 οὖν
970 3417 1097 3506 ἦπᾶσα
1119 3417 1290 3498 ὑπόστασις
1310 3445 1365 3490 του

218 3523 311 3590 δέλτα
331 3523 377 3598 είς
399 3521 534 3607 ἄπειρον
554 3521 712 3600 ἐκπίπτει,
736 3519 787 3586 άεὶ
810 3522 919 3588 ἄλλων
941 3522 1026 3587 ἄλλα
1042 3526 1215 3609 γράμματα
1225 3528 1365 3608 γεννάν-

217 3652 279 3693 των
301 3633 355 3692 καί
377 3627 612 3712 διαδεχομένων
632 3626 775 3714 ἄλληλα,
802 3627 892 3716 πόσῳ
914 3627 1041 3710 μᾶλλον
1062 3629 1183 3694 ἐκείνου
1204 3637 1260 3696 τοῦ
1282 3649 1366 3699 στοι-

218 3735 303 3816 χείοο
335 3731 442 3816 μεῖζον
469 3733 553 3796 εἶναι
579 3731 614 3796 τδ
643 3732 782 3812 πέλαγος
807 3736 870 3796 τῶν
895 3733 1092 3817 γραμμάτων
1096 3762 1109 3815 ,·
1140 3741 1194 3798 καὶ
1223 3736 1253 3799 εί
1273 3739 1307 3801 τδ
1329 3742 1365 3803 ἓν

217 3837 350 3922 γράμμα
371 3836 470 3912 οὕτως
491 3837 635 3921 ἄπειρον,
658 3837 720 3923 δρα
742 3836 820 3902 ὅλον
842 3843 897 3903 τοῦ
920 3836 1077 3922 δνάματος
1098 3837 1153 3903 τδν
1173 3843 1282 3923 βυθὸν
1302 3848 1365 3908 τοῖν

217 3941 427 4027 γραμμάτων,
450 3943 487 4020 ἐξ
506 3938 552 4008 ὦν
566 3943 621 4008 τδν
643 3944 885 4030 προπάτορα
903 3943 921 4029 ἡ
939 3945 1080 4030 Μάρκον
1103 3946 1192 4032 σιγὴ
1215 3949 1352 4013 συνεστά·

217 4069 273 4114 ναι
294 4045 489 4130 ἐδογμάτισε.
541 4047 601 4111 Διδ
623 4051 678 4112 καί
698 4047 753 4112 τδν
771 4051 926 4136 πατέρα
948 4048 1159 4132 ἐπιστάμενον
1179 4051 1213 4115 τδ
1237 4051 1364 4141 άχάρρ-

217 4174 271 4218 τον
293 4150 391 4216 αὐτοῦ
413 4149 587 4215 δεδωκέναι
609 4161 674 4227 τοίς
694 4156 872 4234 στοιχείοις,
896 4154 918 4216 ά
941 4159 994 4217 καὶ
1017 4155 1164 4232 αἰῶνας
1185 4156 1291 4237 καλεῖ,
1317 4157 1365 4222 ἑνὶ

218 4259 337 4345 ἑκάστῳ
360 4255 466 4320 αὐτῶν
487 4255 542 4341 τὴν
564 4255 653 4321 ίδίαν
670 4256 852 4343 έκφοίνησιν
864 4258 991 4342 δκβοᾶν,
1015 4259 1070 4324 διά
1088 4261 1122 4325 τδ
1135 4261 1362 4348 μὴδύνασθαι

220 4369 279 4430 ένα
299 4363 334 4428 τδ
356 4361 434 4428 ὅλον
455 4361 622 4446 ἐκφωνείν.
676 4364 787 4426 Ταῦτα
810 4361 847 4425 δὲ
868 4368 1094 4450 σαφηνίσασαν
1123 4364 1210 4454 αὐτῷ
1236 4369 1292 4453 τὴν
1314 4393 1363 4434 τε-

293 4505 336 4558 67.
362 4505 419 4578 ίδίςι
439 4539 476 4553 -
492 4503 661 4577 γραφέντων]
686 4502 733 4558 διὰ
749 4504 801 4558 τῶν
820 4504 990 4580 γραμμάτων
1010 4508 1159 4580 γραφέντος
1178 4504 1200 4561 C
1225 4504 1268 4564 Cf.
1290 4506 1362 4565 Ιτεα.
