3002 4958
131 589 206 650 tiam
229 593 331 651 autem
355 584 540 648 mionesiom
565 603 622 664 per
643 585 900 671 deminutionem,
923 587 1116 668 pleonexiam
1139 609 1195 670 per
1217 611 1278 656 ex-

128 691 357 772 superantiam,
391 687 600 752 tortitudinem
632 696 731 754 autem
760 693 912 774 ignaviam
941 710 996 772 per
1026 691 1276 779 deminutionem,

128 797 380 884 audacinmper
408 795 668 876 exsuperantiam.
725 796 787 860 iias
816 804 916 860 nutem
939 799 1067 863 virtutes
1092 819 1160 864 cum
1184 801 1277 866 insint

128 907 160 969 in
190 905 315 968 homine
343 902 476 967 reddere
505 921 574 967 eum
605 901 773 984 perfectum
797 904 1013 986 praeberetque
1036 906 1065 968 ei
1089 906 1274 986 pentitatcm.

127 1013 313 1076 Bentitatem
337 1017 436 1074 autem
460 1026 531 1072 esse
555 1011 609 1092 ait,
634 1028 702 1072 oum
724 1011 792 1091 quis
817 1011 1015 1094 assimiletur,
1040 1019 1185 1092 quantum
1208 1013 1311 1078 terito

128 1117 242 1198 possit,
263 1115 333 1179 deo.
377 1113 668 1178 assimilationem
693 1115 863 1196 quempiam
888 1114 966 1198 deo,
990 1133 1058 1178 oum
1081 1123 1219 1181 sanctum
1244 1127 1275 1182 et

126 1223 240 1284 iustum
259 1235 295 1282 so
318 1227 455 1300 praestet
478 1237 545 1282 curn
569 1218 740 1298 prudentia.
794 1219 899 1282 Finem
929 1221 1008 1282 enim
1031 1219 1113 1282 huno
1135 1238 1273 1286 summae

126 1327 299 1409 sapientiae
329 1333 361 1388 et
389 1325 507 1387 virtutis
537 1326 650 1388 statuit.
717 1326 797 1388 Dicit
827 1333 928 1389 autem
956 1327 1106 1390 societate
1139 1328 1270 1408 quadam

127 1434 284 1498 contineri
315 1433 442 1494 virtutes
464 1436 495 1492 ct
517 1430 656 1493 eiusdem
678 1433 794 1512 speciei
818 1449 889 1494 esse
914 1450 974 1496 nec
998 1451 1131 1514 unquam
1154 1434 1271 1498 adver-

126 1543 191 1606 sari
223 1542 304 1603 inter
332 1557 376 1602 se.
429 1538 507 1602 Vitia
540 1543 641 1600 nutem
669 1544 701 1600 et
729 1538 932 1620 multigenern
957 1555 1028 1602 esse
1052 1547 1084 1602 ct
1105 1539 1310 1620 aliquandooo

125 1648 281 1710 societate
298 1647 378 1708 inter
396 1663 431 1708 se
448 1645 611 1728 contineri,
635 1644 798 1726 aliquando
823 1650 924 1708 autom
948 1646 1106 1708 adversari
1130 1646 1210 1709 inter
1224 1665 1270 1712 se.

126 1755 234 1817 Fatum
258 1753 331 1816 dicit
354 1769 441 1836 csse,
472 1769 535 1816 non
567 1768 642 1814 vero
676 1752 778 1815 omnio
808 1769 863 1832 per
885 1751 978 1816 tatum
1003 1751 1089 1836 deri,
1120 1752 1177 1816 sed
1200 1771 1271 1818 csse

127 1860 243 1942 aliquid
270 1862 360 1923 ctiam
382 1861 413 1922 in
436 1865 541 1924 nostra
565 1864 730 1940 potestate,
754 1877 821 1924 cum
841 1857 925 1922 dicit:
949 1861 1040 1942 mrtpn
1056 1868 1103 1924 est
1119 1862 1194 1938 eiua
1218 1864 1270 1944 pei

9 2047 10 2060 γ
126 1969 222 2047 clepit
241 1966 317 2046 sibi,
340 1967 415 2028 deus
436 1985 498 2028 oon
520 1967 554 2028 in
575 1967 684 2046 cupro,
708 1971 754 2027 at:
784 1967 838 2028 tec
858 1965 1031 2030 Adrmteoc
1052 1968 1156 2032 docco.
1207 1968 1268 2034 iarn
1379 2043 1381 2048 ¹

126 2075 179 2138 aiii
201 2077 247 2137 sio
269 2073 351 2136 ilium
375 2073 530 2154 appellare
554 2073 637 2153 quod
661 2071 834 2153 perfetum
857 2071 918 2154 dat,
948 2073 999 2136 aiii
1022 2082 1054 2136 ct
1075 2074 1106 2139 id
1130 2075 1213 2156 quod
1236 2078 1305 2141 into

126 2189 234 2246 nostra
266 2186 417 2262 potestate
448 2180 488 2242 sit
515 2179 609 2242 aiunt.
654 2179 748 2242 iuvita
771 2188 872 2244 autem
896 2198 966 2244 esse
989 2182 1030 2246 nit
1054 2191 1191 2263 peccata.
1235 2184 1268 2248 ln

124 2289 156 2353 id
180 2289 277 2370 enirn,
306 2287 388 2369 quod
412 2285 648 2368 pulcherrimum
672 2296 726 2350 ost-
741 2288 771 2350 in
795 2287 900 2372 uobis,
921 2288 952 2352 id
975 2289 1058 2370 quod
1082 2291 1261 2375 omonimo,

125 2415 189 2460 non
214 2393 304 2458 tacita
327 2411 509 2475 quemquam
532 2393 642 2458 malum
666 2394 816 2476 recipere,
840 2394 899 2460 hoc
923 2402 971 2458 est
992 2399 1190 2477 pravitatem
1212 2417 1269 2480 per

125 2502 359 2585 imprudentiam
389 2509 488 2565 autern
518 2506 549 2562 at
571 2500 689 2582 lapsum
712 2501 787 2564 boni
810 2502 861 2582 qui
885 2503 1049 2582 opinentur
1071 2521 1107 2566 se
1130 2505 1267 2584 pulcrum

125 2610 237 2691 aliquid
268 2607 372 2672 iacere
403 2607 552 2670 devenire
583 2607 614 2670 in
642 2607 763 2670 malurn.
820 2605 913 2670 Cuius
942 2597 1064 2688 puidam
1094 2609 1303 2672 sentcntinern

125 2717 293 2782 decimatio
319 2715 487 2780 clarissima
505 2720 589 2778 extat
612 2714 643 2775 in
667 2713 806 2796 Ciuitate,
829 2712 859 2774 in
884 2731 944 2794 qua
967 2713 1057 2778 dicit:
1080 2715 1268 2778 tinomao-

124 2834 184 2886 tem
205 2825 324 2886 audete
341 2824 454 2898 dicere,
479 2829 567 2902 torpe
582 2839 650 2882 erse
663 2821 783 2902 diisque
801 2821 933 2884 innisum
943 2823 1137 2902 pronitatem
1182 2822 1269 2898 Quo-

122 2933 212 2994 modo
234 2932 329 3010 ipitatr
351 2929 473 2990 tandem
491 2927 643 3010 puirpiom
659 2927 859 3008 concupiscat
874 2927 935 2988 tote
951 2928 1094 2990 marm?
1139 2927 1199 3004 Qui
1213 2929 1268 2992 iat·

120 3037 222 3116 serior
244 3045 299 3118 est,
320 3035 523 3116 respondetis,
545 3035 780 3116 notoptctidua?
814 3035 885 3100 Non
906 3054 981 3114 erpo
1003 3042 1035 3096 et
1053 3034 1111 3098 doc
1131 3037 1268 3118 incitem,

120 3145 270 3226 equitem
295 3143 420 3208 uincere
447 3161 509 3206 aon
536 3142 693 3204 incitam?
724 3150 759 3204 ut
785 3161 827 3204 ec
848 3144 929 3206 nami
950 3145 1072 3206 ratione
1092 3161 1192 3224 prom
1212 3143 1303 3222 [ιι-8ο

121 3272 194 3314 cere
213 3259 340 3331 procur
361 3250 547 3313 cotontctem
566 3249 635 3328 ficri
658 3250 742 3312 rotie
763 3250 876 3316 uincet.
921 3247 1056 3330 Opponit
1074 3255 1174 3312 nutem
1195 3251 1266 3330 qui-

122 3358 192 3422 dam
217 3357 246 3420 ei
269 3362 377 3418 contra
401 3354 476 3418 hoc:
509 3372 599 3435 quam
623 3355 663 3416 ob
687 3371 811 3416 oausam
835 3355 928 3438 igitur
950 3355 1117 3436 puniuntur
1139 3356 1191 3436 qui
1214 3352 1274 3418 in-'

122 3465 174 3528 viti
199 3463 355 3545 peccanti
399 3461 428 3524 is
457 3466 557 3525 autern
589 3461 677 3540 dicit:
713 3468 746 3524 ut
775 3463 899 3542 etipse
927 3479 1016 3544 quam
1041 3462 1203 3524 celerrime
1224 3463 1266 3525 li·

120 3571 249 3634 beretur
273 3570 421 3650 pronitate
445 3574 476 3630 et
492 3583 611 3649 poenas
635 3566 696 3632 det.
740 3567 815 3630 Nam
840 3585 958 3648 poenas
982 3570 1057 3631 dare
1081 3569 1264 3632 neumatum

122 3697 209 3761 csse,
240 3677 294 3740 sed
317 3677 449 3756 bonum,
479 3673 628 3756 siquidem
651 3673 752 3738 tutnra
775 3676 814 3736 sit
835 3676 978 3756 purgatio
1002 3675 1148 3740 maiorum
1174 3682 1205 3737 et
1226 3659 1302 3739 nesi
1426 3699 1429 3706 ·

120 3785 194 3870 qnid
218 3790 351 3865 peccent
367 3783 477 3864 reliqui
502 3781 641 3844 homines
664 3781 791 3862 cognito
815 3780 969 3863 exemplo,
992 3780 1047 3846 sed
1071 3789 1202 3845 caveant
1226 3783 1263 3846 ab

120 3891 272 3956 eiusmodi
304 3907 422 3953 errore.
483 3889 553 3952 ttnti
587 3895 688 3950 antem
718 3897 855 3952 naturam
888 3905 988 3968 neque
1018 3906 1036 3951 a
1067 3888 1127 3953 deo
1156 3891 1264 3952 tactam

120 4019 209 4080 csse,
244 4015 345 4078 neque
368 4014 424 4077 pcr
446 4013 481 4058 sc
505 3997 686 4076 consistere,
722 3996 776 4058 sed
801 4013 857 4076 per
879 3995 1126 4058 adversationem
1150 4003 1182 4060 et
1205 4013 1265 4060 co·

117 4191 163 4246 arni
182 4189 252 4243 τοῦτ’
274 4187 414 4252 ἀκούσιον,
432 4190 506 4259 εἴπερ
524 4184 551 4240 τό
570 4189 646 4261 rupo
664 4188 804 4254 ἱκοόοιονς
833 4185 897 4243 ὥστε
915 4189 943 4242 is
960 4188 1058 4250 παντός
1074 4187 1170 4258 τρόπον
1188 4187 1215 4240 τό
1232 4205 1263 4259 γε

117 4283 221 4337 ἀδικεῖν
239 4279 366 4334 riaciosco
386 4278 400 4332 ό
418 4280 499 4351 λόγος
516 4281 588 4350 cippi
605 4299 629 4332 κ.
648 4299 668 4332 r.
691 4283 714 4333 i.
806 4281 850 4336 78.
870 4281 939 4353 crispi
957 4279 1017 4354 ἅμα
1036 4299 1060 4334 π
1081 4281 1166 4350 λέγειν
1181 4277 1262 4346 vulgo

117 4377 161 4432 80.
187 4375 202 4442 ἢ
225 4373 276 4426 nir
298 4369 348 4426 ica
374 4367 406 4436 όὴ
430 4390 495 4442 pura
517 4372 599 4440 vulgo
670 4387 671 4394 ¹
720 4373 767 4427 82.
797 4373 811 4426 ό
833 4373 913 4446 λόγος
931 4375 1013 4446 cipri]
1031 4371 1111 4443 λόγος
1126 4372 1197 4438 cipri
1215 4367 1259 4422 M:

117 4467 198 4540 λόγος
216 4468 271 4536 ipsi
288 4463 369 4532 ruigo
478 4463 523 4519 87.
541 4463 607 4535 μηδὲ
626 4462 707 4533 vulgo
