3056 4970
592 283 695 342 stltott
717 283 843 342 stubs.
1226 279 1290 342 257

150 446 321 529 patefactus
349 445 468 511 ludaeis
495 455 639 530 teneuram
669 451 772 534 filius,
804 449 836 516 in
865 450 1001 515 Samaria
1024 456 1124 512 antem
1147 457 1291 531 mnquarn

147 561 251 635 poter,
273 553 305 616 in
327 553 453 636 reliquis
475 560 576 617 autern
600 556 743 636 gentibus
765 561 910 636 tunquam
931 557 1058 637 spiratus
1072 565 1205 619 sanctus.
1232 557 1294 621 Su-

151 659 267 722 stinere
298 667 400 722 autem
430 677 503 723 sese
533 660 678 742 appellari
705 677 891 743 quocunque
914 662 1037 724 nomine
1060 661 1213 743 appellare
1236 673 1332 725 tre-eo

148 766 205 830 lint
228 765 378 830 homines.
433 765 601 849 Prophetas
634 775 734 832 autern
766 767 804 830 ub
833 767 953 850 angelis
974 767 1076 830 mundi
1100 766 1297 832 fabricatori-

150 870 210 934 bus
232 873 395 953 inspiratos
419 871 529 936 effetos
553 891 624 938 esse
645 875 888 938 vaticinationes.
939 873 1132 954 Quapropter
1153 891 1216 938 non
1237 892 1295 938 cu-

147 995 221 1042 rare
244 995 318 1063 eos,
348 977 400 1061 qui
421 980 453 1042 in
477 979 633 1044 Simonem
658 987 690 1045 et
712 981 860 1044 Helenam
885 979 1023 1063 eredunt,
1046 979 1085 1043 ad
1108 979 1189 1044 hunc
1213 978 1292 1045 diem

149 1085 317 1167 tacereque
341 1103 544 1167 quaecunque
565 1087 670 1152 lubeat
691 1094 725 1150 ut
745 1087 877 1168 liberos;
915 1106 956 1150 ex
981 1087 1060 1152 illius
1083 1087 1164 1151 enim
1195 1090 1293 1171 grada

150 1193 271 1256 servari
293 1209 367 1256 sese
392 1193 486 1258 siunt.
530 1191 599 1258 Non
626 1197 706 1258 enim
731 1213 803 1260 esse
826 1213 882 1258 our
902 1197 970 1276 quis
991 1196 1148 1278 puniatur,
1179 1197 1205 1258 si
1227 1197 1331 1277 quises

150 1298 231 1363 mele
250 1298 365 1376 laeiat3
393 1316 457 1363 nou
489 1300 570 1364 enirn
602 1309 650 1366 est
679 1307 790 1367 natura
815 1303 926 1366 malurn
948 1301 1004 1366 sed
1025 1303 1188 1383 positione.
1232 1303 1296 1366 Po-

151 1410 282 1472 auerunt
312 1407 410 1491 eninr,
440 1405 550 1490 inquit,
578 1407 683 1490 angeli
709 1407 814 1472 mundi
843 1407 1044 1473 fabricatores
1067 1407 1212 1491 quidquid
1234 1427 1297 1473 ro-

152 1510 286 1596 luerunt,
309 1510 459 1576 eiusmodi
483 1512 570 1575 dictis
593 1512 710 1594 opinati
732 1513 764 1578 in
786 1515 965 1578 servitutem
986 1514 1133 1597 redigere
1155 1515 1212 1579 sibi
1237 1533 1294 1579 au-

153 1617 331 1682 scultantes.
384 1616 576 1682 Solutionern
601 1623 701 1681 autem
724 1635 831 1684 rursus
858 1617 971 1684 docent
990 1618 1095 1684 mundi
1118 1620 1157 1695 ed
1179 1621 1296 1686 bbere-

151 1707 267 1790 iionem
289 1723 444 1806 privorum
465 1722 620 1787 bominum
641 1741 777 1789 suorum.
1301 1729 1331 1781 ιθ

236 1830 289 1898 20.
334 1827 430 1894 lluius
459 1829 552 1912 igitur
578 1829 717 1912 discipuli
745 1829 920 1914 praestigiis
948 1835 1075 1894 utuntur
1099 1835 1131 1896 et
1152 1831 1294 1896 incanta-

152 1933 304 2022 tionibus,
330 1935 502 2018 pbiltraque
524 1943 557 1999 et
577 1935 738 2001 illecebras
760 1945 792 2000 et
814 1935 866 2017 qui
888 1935 1032 2000 dicuntur
1053 1937 1172 2003 somnia
1195 1937 1296 2002 addu-

153 2049 261 2106 centes
291 2041 460 2106 daemones
490 2042 651 2107 immittunt
672 2041 711 2107 ed
733 2041 899 2108 irritandos
921 2059 1001 2124 quos
1021 2043 1138 2108 volunt.
1182 2044 1294 2108 Verum

155 2149 246 2212 etiam
269 2147 436 2232 paredros,
463 2164 542 2229 quos
563 2155 692 2232 vocant,
722 2153 886 2231 exercent,
914 2149 1141 2232 imaginemque
1164 2151 1295 2216 Simonis

152 2253 266 2318 babent
293 2255 325 2318 in
351 2253 434 2318 lunis
462 2253 591 2337 liguram
616 2262 649 2320 et
676 2254 815 2318 Helenae
844 2253 946 2338 eligis
974 2255 1149 2338 Mineruae,
1177 2254 1331 2338 basqueae

153 2357 285 2424 adorant
307 2359 434 2424 alterum
457 2366 606 2424 uocantes
628 2360 792 2444 dominum,
812 2360 966 2424 dominam
987 2359 1124 2426 alteram.
1168 2364 1199 2428 Si
1228 2366 1296 2444 quis

152 2475 256 2532 eutem
278 2467 403 2532 nomine
424 2467 546 2532 sonabit
569 2465 649 2548 apud
670 2467 740 2532 illes
761 2465 959 2548 conspicatus
983 2467 1135 2551 imagines
1156 2468 1224 2533 illas
1245 2468 1297 2533 uel

152 2575 284 2640 Simonis
306 2573 357 2638 vel
382 2572 537 2657 Helenae,
569 2572 749 2654 repudiatur
769 2580 803 2638 ut
823 2571 874 2655 qul
895 2573 1020 2655 ignoret
1040 2576 1195 2656 mysteria.
1240 2577 1295 2640 llic

152 2681 257 2745 Simon
279 2679 390 2744 multos
413 2679 445 2742 in
467 2679 603 2744 Samaria
624 2679 797 2763 praestigiis
819 2677 851 2744 in
874 2695 1018 2742 errorem
1035 2697 1132 2762 agens
1155 2681 1193 2746 ab
1216 2701 1293 2764 apo-

151 2787 238 2852 stolis
269 2788 427 2852 conuictus
457 2793 504 2850 est
535 2793 566 2849 et
587 2785 834 2851 execrationibus
857 2783 1004 2869 dovotus,
1037 2787 1128 2851 sicuti
1152 2789 1184 2852 in
1205 2790 1315 2854 Antist

151 2897 294 2976 scriptum
325 2902 391 2974 est,
414 2900 522 2974 postea
549 2899 653 2975 spreta
686 2891 746 2956 fide
761 2891 855 2956 baec
879 2907 1047 2973 eggressus
1077 2899 1134 2958 est.
1180 2895 1293 2959 Verum

152 3000 203 3065 vel
224 3017 322 3081 usque
343 2999 383 3063 ad
405 2999 532 3062 Romam
554 3015 739 3084 progressus
760 2997 867 3061 incidit
887 2997 919 3062 in
942 2997 1110 3084 apostolos,
1142 3000 1193 3064 cui
1213 3001 1295 3064 rnul-

150 3117 214 3172 tunr
242 3106 348 3171 Petrus
375 3105 555 3170 adversatus
582 3112 630 3171 est
656 3103 831 3188 praestigiis
863 3101 1024 3169 seducenti
1053 3105 1172 3170 multos.
1239 3109 1294 3172 llic

150 3277 262 3336 liberari
280 3297 339 3348 eos,
356 3279 404 3355 qui
423 3289 488 3336 sunt
506 3279 575 3348 eins,
593 3279 627 3336 ab
646 3278 762 3354 imperio
781 3295 876 3334 eornm
894 3277 941 3352 qui
960 3278 1089 3334 mnndum
1100 3279 1227 3336 lecerunt
1243 3297 1294 3337 re·

152 3373 288 3446 promisit.
411 3371 435 3425 l.
464 3372 575 3438 Μηδένα
593 3387 668 3442 susp.
688 3369 847 3426 Bunssnius
865 3370 885 3425 l.
901 3370 920 3425 l.
944 3388 971 3443 p.
991 3371 1054 3425 353.
1176 3371 1199 3427 l.
1218 3372 1245 3425 2.
1272 3375 1296 3426 sl

151 3461 257 3540 πράξει]
281 3461 416 3535 ιιοπρᾰξιι
438 3457 461 3518 G
592 3462 620 3518 2.
646 3481 684 3525 τις
700 3459 799 3538 κακῶς]
822 3481 847 3516 rs
862 3460 947 3517 ναόν
965 3461 1038 3516 coni.
1058 3459 1215 3517 Bunseuins
1234 3462 1254 3516 l.
1273 3462 1291 3516 Ι.

152 3553 215 3631 don]
233 3557 285 3610 lom
299 3574 324 3610 m
341 3553 499 3611 Bussenius
517 3553 537 3608 l.
556 3553 576 3608 1.
688 3551 783 3630 κακὸν]
809 3553 892 3615 κακὸς
914 3551 936 3609 G
959 3550 990 3609 Μ
1103 3555 1131 3609 5.
1156 3553 1241 3610 Λύσιν
1264 3555 1293 3608 di

152 3641 242 3722 αὖθις]
269 3645 358 3701 ‘bissi
380 3645 410 3702 dd
435 3639 516 3706 αὖθις
540 3641 562 3699 G
587 3641 635 3699 lt=
662 3644 760 3700 Adsum
775 3643 805 3699 dl
822 3643 903 3698 αὐτὸν
920 3641 1077 3700 Bussenius
1096 3644 1114 3700 Ι.
1137 3644 1157 3699 l.
1183 3664 1210 3717 p.
1229 3645 1292 3701 354.

153 3739 180 3794 b.
197 3737 243 3792 rud
259 3734 374 3813 κόσμου]
397 3736 442 3792 τὸν
465 3737 569 3810 κόσμον
593 3732 615 3792 C
638 3733 668 3792 Μ
692 3734 849 3793 Bussenius
868 3734 887 3790 l.
906 3733 925 3788 1.
1075 3737 1102 3789 t.
1122 3753 1181 3810 sqq.
1218 3735 1292 3792 lren.

133 3823 210 3888 ’1.1.
229 3829 260 3904 S.
278 3829 307 3886 4.
350 3827 438 3899 Igitur
462 3827 559 3884 borum
583 3829 691 3901 mystici
716 3827 874 3883 sacerdotes
899 3823 1046 3879 libidinose
1064 3827 1175 3899 quidem
1192 3827 1293 3894 visunt,

151 3924 254 3994 magias
277 3928 369 3976 eutem
393 3919 557 3991 perficiunt,
585 3920 814 3994 quemadmodum
839 3926 932 3991 petest
954 3918 1142 3992 unusquisque
1161 3920 1292 3993 ipsorum.

150 4011 320 4070 Exercismis
347 4020 376 4068 et
399 4011 631 4071 incantationibus
661 4021 785 4068 utuntur.
827 4009 967 4068 Amatoris
993 4027 1103 4084 quoque
1123 4021 1152 4068 et
1169 4013 1292 4084 agngime

150 4117 179 4163 et
197 4107 244 4180 qul
264 4105 393 4160 dicuntur
410 4104 520 4177 paredri
541 4113 572 4160 et
584 4104 757 4177 oniropompi
775 4113 804 4159 et
820 4117 1001 4176 quaeeunque
1021 4111 1086 4157 sunt
1103 4102 1155 4159 elia
1167 4105 1293 4175 perierga

150 4197 221 4270 epnd
240 4214 290 4252 ecs
309 4196 432 4251 studiose
451 4203 625 4252 exercentur.
672 4193 822 4268 Imaginem
845 4211 955 4268 quoque
980 4191 1101 4249 Simonis
1121 4192 1224 4247 babent
1247 4192 1293 4246 la·

150 4297 220 4344 eum
243 4288 278 4344 ad
300 4287 415 4358 llgnrsm
432 4283 523 4352 loris,
550 4295 580 4342 et
596 4284 724 4342 Helenae
742 4285 771 4339 in
792 4284 906 4355 liguram
923 4281 1033 4349 Martis,
1058 4293 1088 4340 et
1110 4282 1158 4338 bas
1178 4285 1292 4338 ederent

151 4387 204 4434 cet.
318 4380 345 4432 'l-
363 4379 391 4434 8.
409 4381 539 4451 μαγιιαις
555 4409 591 4422 -
609 4375 749 4439 ἐπαοιδαῖς
766 4371 788 4431 G
806 4373 836 4430 Μ
945 4372 986 4428 18.
1006 4371 1066 4449 latr]
1086 4375 1136 4436 laec
1152 4375 1200 4430 stt

969 4467 1004 4530 ll
