3050 4988
492 283 686 342 sistuanus,
732 281 965 342 P'POLEhiAEUS.
1242 276 1305 344 295

162 471 222 517 una
245 453 349 517 existit
370 460 507 536 potestas
522 451 669 516 eiusdem
691 471 759 517 oum
782 469 820 517 ea
843 452 1015 534 essentiae,
1044 467 1133 532 quarn
1158 456 1188 513 et
1210 451 1307 533 ipsam

163 578 243 625 voco
266 559 301 623 sd
322 561 367 623 dv.
412 561 476 624 ldae
500 567 644 642 quattuor
671 567 843 642 potestates
871 579 911 624 ex
938 576 973 622 se
1006 557 1206 641 proiecerunt
1228 559 1307 628 reli-

161 685 238 751 quas
262 686 394 732 aeonum
419 669 609 733 emissiones.
662 667 722 732 Alii
745 675 846 733 autem
869 684 976 732 rursus
1000 685 1106 730 eorum
1128 667 1254 749 primurn
1277 676 1308 731 et

160 775 373 859 primigeniam
407 775 580 859 ogdoadem
610 774 656 838 his
686 775 859 839 nominihus
890 773 1138 857 appellaverunt:
1176 775 1304 856 primurn

159 878 360 962 Proaroham‚
382 878 495 942 deinde
517 877 754 960 Anennottturn,
777 880 897 943 tertiam
921 877 1082 941 Arrhetum
1108 883 1139 940 et
1164 887 1343 960 quartanae

158 982 338 1050 Ahoratum.
384 985 422 1049 Et
444 1004 483 1048 ex
506 987 603 1068 prima
626 984 747 1068 quidem
768 984 922 1050 Proarche
947 986 1087 1048 emissam
1111 1001 1182 1048 esse
1206 988 1303 1068 primo

159 1099 190 1154 et
212 1094 319 1174 quinto
342 1091 413 1156 loeo
438 1092 588 1175 Arciam,
613 1111 654 1156 ex
676 1094 863 1157 Anennotito
886 1101 986 1156 autem
1009 1090 1149 1156 seeundo
1167 1099 1197 1155 et
1214 1101 1303 1156 sexto

159 1199 230 1265 loeo
254 1199 484 1284 tartareorum,
516 1220 555 1264 ex
582 1199 715 1264 Arrheto
751 1206 853 1264 autern
884 1200 976 1262 tertio
1006 1204 1037 1262 et
1070 1201 1199 1280 septimo
1232 1201 1302 1263 loco

157 1308 413 1392 Anonornastum,
439 1325 478 1372 ex
500 1307 640 1372 Ahorato
672 1313 774 1370 autom
804 1306 1017 1388 Agennetum‚
1048 1305 1302 1388 complementum

157 1417 273 1496 primae
297 1415 457 1497 ogdoadis.
515 1416 577 1479 idas
600 1415 708 1478 volunt
730 1420 898 1498 potestates
922 1415 1057 1478 existere
1080 1421 1151 1478 unte
1172 1414 1339 1497 Bythumus

159 1527 190 1586 et
212 1521 318 1604 Sigen.
363 1522 476 1584 Multae
499 1531 600 1586 autern
625 1521 664 1584 de
686 1524 754 1604 ipso
776 1521 876 1605 Bytho
900 1529 928 1584 et
952 1520 1094 1586 diversae
1117 1525 1299 1589 sententiae.

158 1629 218 1694 Alii
240 1632 320 1694 enirn
345 1648 413 1694 eum
437 1631 574 1715 iniugum
599 1629 713 1714 dicunt,
737 1647 838 1712 neque
862 1631 1029 1694 masculum
1051 1648 1153 1712 neque
1176 1629 1302 1694 femini-

158 1755 244 1822 num,
267 1737 317 1801 aiii
340 1745 442 1802 autern
467 1737 559 1821 Sigen
583 1738 744 1801 femineam
769 1755 837 1801 oum
860 1739 928 1820 ipso
952 1736 1064 1800 adesse
1088 1744 1119 1801 et
1140 1737 1302 1801 essehane

157 1843 283 1925 primam
307 1845 567 1928 coniugationeru.
615 1845 808 1909 Ptolemaeus
835 1851 936 1908 autem
968 1851 1000 1908 et
1028 1846 1079 1926 qui
1107 1842 1237 1908 suntab
1261 1861 1300 1908 eo

159 1950 235 2016 duas
259 1954 410 2036 coniuges
434 1971 502 2016 eum
529 1952 644 2016 hahere
674 1953 793 2036 dicunt,
830 1969 907 2033 quas
938 1960 970 2016 et
1002 1951 1219 2034 dispositiones
1240 1967 1337 2018 vo-to

157 2066 241 2143 eant,
264 2059 490 2142 Cogitationem
515 2067 543 2122 et
565 2058 775 2138 Voluntatem;
804 2061 933 2140 primum
964 2059 1044 2122 enin
1071 2059 1219 2142 cogitavit
1239 2058 1300 2121 ali-

157 2163 230 2247 quid
252 2167 424 2251 proficere,
460 2165 573 2229 deinde
596 2167 699 2230 voluit.
755 2166 949 2248 Quapropter
972 2173 1004 2228 et
1025 2165 1072 2228 his
1093 2165 1212 2229 duahus
1235 2165 1300 2228 dis-

156 2378 256 2436 voeat.
313 2370 387 2434 Cum
416 2371 474 2434 hae
502 2370 639 2436 Monada
672 2378 719 2436 est
754 2371 849 2436 virtus
880 2369 1017 2434 eiusdem
1048 2370 1236 2435 substantiae
1259 2370 1300 2453 ei,

155 2492 244 2557 quam
260 2483 371 2538 etearn
387 2493 467 2538 voeo
487 2475 564 2538 Heu.
608 2474 673 2538 Hae
697 2481 797 2539 autern
821 2477 959 2558 virtutes,
982 2473 1012 2538 id
1026 2483 1083 2558 est,
1106 2474 1248 2538 Monotes
1268 2482 1299 2537 et

155 2580 292 2644 Henotes
310 2589 342 2644 et
360 2581 468 2645 hionas
485 2587 516 2642 et
531 2581 598 2643 Hen
616 2582 784 2644 emiserunt
801 2581 935 2663 reliquas
954 2581 1136 2644 emissiones
1153 2597 1297 2643 aeonurn.

250 2687 280 2748 5.
332 2683 392 2748 Alii
429 2693 528 2749 autern
561 2702 667 2748 rursus
701 2687 837 2766 ipsorum
874 2686 1000 2765 primaru
1034 2693 1066 2748 et
1097 2683 1297 2765 archegonon

154 2790 384 2852 oetonationem
408 2787 454 2851 his
478 2788 651 2852 nominihus
676 2790 924 2852 nominaverunt:
955 2789 1084 2869 primum
1112 2787 1297 2867 Proarohen,

152 2889 266 2955 deinde
287 2892 511 2975 Aneunoeton‚
535 2893 656 2955 tertiam
679 2901 779 2956 autem
803 2891 958 2955 Arrheton
982 2897 1013 2954 et
1035 2900 1173 2974 quartam
1191 2891 1298 2956 Aora-

154 3006 217 3062 ton.
261 2997 299 3062 Et
330 2999 369 3062 de
398 3001 493 3079 prima
529 2997 650 3079 quidem
682 2997 836 3063 Proarche
868 2999 1012 3062 emissum
1045 3017 1116 3062 esse
1146 3000 1242 3080 prirno
1266 3004 1298 3061 et

152 3107 257 3188 quinto
288 3105 358 3170 loco
392 3106 532 3189 Archen,
567 3125 608 3168 ex
644 3105 832 3169 nnennoero
868 3104 1009 3169 secundo
1043 3113 1073 3168 et
1100 3111 1191 3168 sexto
1223 3104 1295 3168 loco

152 3213 372 3296 Aeatalepton,
395 3220 426 3276 et
452 3213 491 3276 de
512 3211 648 3276 Arrheto
672 3215 765 3277 tertio
795 3218 826 3276 et
854 3213 985 3296 septimo
1015 3214 1084 3276 ioco
1108 3213 1294 3278 Anouoma-

152 3328 239 3405 stou,
262 3328 293 3384 et
313 3323 352 3384 de
375 3320 494 3384 Aorato
518 3329 617 3385 autern
649 3329 756 3402 quarto
790 3326 820 3382 et
852 3327 964 3386 octavo
995 3320 1064 3388 loeo
1096 3320 1295 3402 Agenneton.

151 3427 286 3492 Pleroma
309 3427 371 3493 hoe
393 3429 509 3509 primae
532 3426 695 3511 ogdoadis.
740 3427 803 3492 iias
825 3428 933 3492 volunt
952 3430 1080 3492 virtutes
1103 3427 1200 3491 fuisse
1224 3433 1295 3490 ante

150 3533 270 3617 Bython
293 3542 324 3598 et
347 3536 442 3617 Sigen
471 3581 607 3599 .....
651 3535 771 3598 Etenim
802 3534 841 3598 de
867 3537 935 3618 ipso
958 3533 1057 3616 Bytho
1087 3535 1192 3598 variae
1225 3540 1297 3598 sunt

151 3642 323 3704 sententiae
346 3640 426 3722 apud
450 3659 515 3705 eos.
567 3641 696 3717 Quidam
730 3642 812 3704 enim
842 3642 910 3704 sine
940 3642 1158 3725 coniugatione
1190 3640 1295 3705 dicunt

150 3765 229 3831 eum,
252 3765 354 3829 neque
378 3747 545 3811 maeonium
580 3765 680 3830 neque
712 3748 856 3811 feminam
889 3764 992 3827 neque
1026 3750 1150 3812 ornnino
1180 3747 1292 3830 aliquid

151 3872 238 3938 esse,
260 3854 312 3918 aiii
335 3860 436 3918 autem
465 3861 495 3918 et
524 3854 691 3919 masculum
718 3861 748 3916 et
777 3855 919 3917 seminam
951 3872 1020 3916 eum
1053 3853 1191 3918 dicentes
1222 3875 1294 3920 esse

149 3959 389 4042 hermaphroditi
412 3960 554 4044 genesim
577 3963 605 4023 ei
628 3962 759 4042 donant3
784 3961 879 4043 Sigen
903 3968 1003 4024 autern
1019 3979 1126 4025 rursus
1144 3961 1194 4024 alii
1210 3980 1294 4027 oon-

147 4069 251 4149 iugem
274 4067 303 4130 ei
326 4067 454 4152 addunt,
478 4074 510 4129 ut
532 4068 583 4130 hat
605 4069 702 4149 prima
725 4070 915 4152 coniugatio.

148 4268 169 4327 C
187 4267 231 4336 Μ,
250 4269 298 4344 qui
317 4287 393 4342 susp.
415 4270 557 4344 διαφόρως
580 4272 733 4344 μυούμενοι
825 4271 867 4325 17.
886 4268 954 4325 Post
970 4269 1023 4346 μὲν
1041 4290 1074 4327 ex
1092 4270 1209 4327 irenaeo
1227 4271 1291 4328 fort.

146 4363 323 4418 inserendum
336 4362 400 4436 γὰρ.
438 4360 479 4419 Cf.
500 4363 582 4418 etiam
595 4361 671 4418 Tert.
686 4362 705 4417 l.
717 4362 737 4418 Ι.
752 4380 776 4417 e.
787 4363 831 4418 34.
907 4363 949 4420 18.
968 4361 1192 4437 udrnegairaac
1250 4365 1292 4422 ts.

147 4473 205 4530 sqq.
226 4451 268 4510 Gi.
281 4452 360 4510 Tart.
368 4454 389 4510 l.
401 4455 421 4509 1.
439 4472 463 4510 e.
477 4458 523 4514 3³.
583 4456 629 4512 tt.
646 4452 785 4530 Πρῶτοςῦ
847 4456 892 4510 22.
912 4455 1111 4518 decidendarum
1123 4453 1293 4531 δυνάμεωςῦ
