3052 4984
496 307 743 396 lihClthhlPhll.
786 307 911 369 moliti.
1218 309 1278 376 471

123 477 187 538 lite
210 476 346 539 recitare
368 478 507 541 omnihus
528 480 716 558 horninibus,
751 489 782 545 et
815 481 893 544 hoec
919 486 1089 561 praccepta
1118 481 1284 562 dilipeotcr

27 637 28 642 ,
124 585 304 662 custodite,
342 587 416 668 puio
436 606 499 650 noa
521 607 625 652 amnes
653 591 715 653 ciri
743 591 850 670 sidetes
871 595 943 651 sunt
964 609 1062 671 neque
1084 607 1188 652 amnes
1210 595 1322 654 mac-tt

126 691 229 754 lieres
261 699 376 756 rectae.
434 693 518 758 llaec
548 715 625 760 uero
664 714 766 779 neque
801 697 1023 780 Aegyptiorum
1061 697 1216 778 sapientes
1252 698 1283 760 in
1316 693 1328 738 -’·

127 797 235 882 adytis
257 808 477 884 perceperunt,
508 821 609 886 neque
637 805 760 885 sapiens
785 803 973 868 Graecorum
995 801 1185 888 Pythagoras
1208 824 1285 888 per-

27 959 29 976 ,
127 906 226 986 cepit.
271 907 303 970 Si
331 907 410 970 enim
434 908 515 974 sorte
538 911 588 976 illa
612 919 713 978 aetate
737 913 888 976 extitisset
909 907 1070 975 Elchasai:
1106 930 1161 975 cur
1186 931 1285 996 opor-

129 1013 245 1074 tuisset
276 1011 478 1096 Pythagoram
510 1019 557 1080 vel
590 1018 748 1082 Thaletem
779 1019 828 1082 vel
859 1017 1006 1082 Solonem
1036 1015 1083 1079 vel
1114 1018 1284 1098 sapientem

129 1119 292 1183 Platonem
329 1120 378 1183 vel
411 1125 501 1186 etiam
530 1124 668 1207 reliquos
699 1123 888 1187 Graecorum
918 1124 1073 1204 sapientes
1106 1123 1325 1207 Aegyptio-so

129 1245 203 1290 rum
226 1229 419 1293 sacerdotum
445 1229 609 1313 discipulos
633 1231 715 1316 lieri,
749 1233 800 1313 qui
830 1230 922 1294 talem
951 1235 1128 1311 tantamque
1157 1230 1285 1310 sapien-

131 1337 206 1400 tiam
226 1336 340 1400 hahent
359 1357 399 1402 ex
419 1340 574 1403 sententia
585 1339 763 1423 Alcibiadis,
786 1345 892 1421 utpote
910 1338 1164 1404 mhilicentissimi
1184 1337 1285 1400 inter-

132 1447 232 1525 pretis
260 1445 369 1527 perditi
397 1446 563 1512 Elchasail
608 1447 668 1512 lam
703 1450 795 1532 igitur
818 1466 898 1530 quae
925 1447 965 1510 de
996 1445 1103 1509 horum
1133 1444 1286 1508 dementia

134 1553 219 1618 dicta
254 1564 325 1618 sunt
354 1556 392 1618 ad
426 1557 679 1638 cognoscendum
703 1557 848 1620 sulficere
870 1556 1013 1619 videntur
1036 1555 1097 1638 iis,
1127 1554 1180 1636 qui
1212 1572 1286 1619 sana

134 1671 240 1726 mente
275 1664 404 1746 praediti
437 1671 524 1742 sunt;
556 1684 651 1749 quare
684 1666 820 1748 pluribus
856 1667 944 1729 dictis
982 1683 1045 1728 uon
1082 1663 1197 1746 placuit
1233 1665 1324 1750 uu,ou

135 1775 251 1855 quippe
282 1791 361 1856 quae
387 1774 515 1855 plurima
543 1775 603 1838 sint
632 1775 799 1857 derisuque
829 1774 932 1859 digna.
991 1773 1051 1838 Sed
1076 1775 1220 1855 quoniam
1245 1791 1286 1836 ne

135 1878 216 1946 haee
238 1881 360 1964 quidem
382 1884 655 1966 praetermisimus,
681 1902 761 1966 quae
785 1889 890 1948 nostra
913 1889 1015 1947 aetate
1034 1887 1286 1950 exsurrexerunt.

137 2009 241 2075 neque
264 2012 318 2069 ea,
342 2011 421 2075 quae
446 2001 516 2057 aute
540 2011 615 2077 uos,
639 1993 795 2057 siluimus:
819 1993 935 2076 placet,
966 2000 999 2056 ut
1022 1992 1123 2056 omnia
1147 1993 1287 2055 exsecuti

138 2105 233 2166 simus
256 2120 358 2184 neque
381 2101 544 2185 quidquam
574 2103 781 2167 inenarratum
810 2102 1036 2185 relinquamus,
1065 2091 1186 2186 dicere,
1216 2100 1288 2182 qui-

139 2231 209 2276 narn
233 2219 264 2275 et
285 2211 467 2276 ludaeorum
503 2213 564 2276 sint
591 2230 694 2278 mores
719 2220 749 2276 et
772 2231 922 2294 quaenam
945 2210 1055 2274 horum
1077 2210 1324 2288 differentia03ro

139 2321 217 2386 haec
240 2321 321 2384 enim
346 2320 445 2384 adhuc
478 2321 609 2404 relinqui
639 2321 786 2406 arbitror,
821 2339 901 2403 quae
930 2319 983 2383 ubi
1006 2337 1045 2383 ne
1067 2320 1133 2402 ipsa
1164 2317 1287 2401 quidem
1310 2357 1313 2366 ·

138 2431 272 2513 siluero,
303 2431 340 2492 ad
365 2431 592 2496 monstrandam
626 2433 762 2494 veritatis
790 2429 955 2494 doctrinam
986 2430 1125 2512 ueniam,
1157 2435 1191 2492 ut
1218 2433 1290 2509 post

140 2539 266 2622 longum
291 2546 447 2603 certamen
471 2539 687 2620 disputationis
710 2547 815 2604 contra
846 2557 953 2602 omnes
983 2537 1132 2602 haereses
1156 2535 1289 2621 habitae,

140 2649 230 2730 regui
252 2666 400 2712 coronam
423 2650 592 2712 consectati
620 2649 671 2731 pie
702 2669 775 2712 vera
808 2648 973 2712 credentes
996 2665 1036 2710 ue
1060 2647 1288 2710 conturbemur.

230 2783 277 2850 18.
323 2785 503 2850 ludaeorum
532 2785 654 2868 quidem
683 2786 847 2867 antiquitus
882 2802 961 2848 unus
991 2790 1057 2848 crat
1090 2801 1173 2861 mos;
1208 2801 1326 2852 unusrt

142 2895 220 2958 enim
244 2912 260 2956 a
284 2893 344 2956 deo
372 2892 430 2956 illis
459 2894 546 2958 datus
574 2895 720 2979 magister
750 2893 852 2958 Moses
883 2910 1005 2976 unaque
1032 2911 1088 2977 per
1118 2891 1200 2955 hunc
1226 2891 1288 2956 lata

142 3003 207 3087 lex,
229 3021 290 3067 una
315 3010 416 3068 autem
437 3006 526 3086 regio
551 3003 673 3068 deserta
701 3010 731 3069 et
764 3021 842 3067 unus
872 3019 959 3066 ruons
982 3003 1053 3068 Sina
1067 3051 1075 3086 ,
1106 3019 1185 3065 unus
1208 3002 1289 3064 enim

143 3131 246 3176 eorum
277 3111 437 3196 legislator
478 3112 564 3178 deus.
623 3113 739 3178 Rursus
773 3118 872 3176 autem
908 3113 1094 3196 transgressi
1127 3110 1289 3176 lordancm

143 3223 262 3286 lluvium
287 3224 429 3304 nactique
452 3223 533 3286 hello
565 3229 684 3305 captam
716 3230 829 3286 terram
860 3222 947 3286 uario
979 3222 1070 3285 ruodo
1103 3219 1153 3284 dei
1184 3221 1288 3304 legem

143 3331 346 3412 disciderunt,
378 3349 445 3394 cum
469 3331 545 3395 alius
569 3330 659 3395 aliter
682 3333 836 3414 acciperet
859 3350 939 3414 quae
963 3330 1043 3394 dicta
1067 3337 1155 3393 erant
1168 3380 1176 3414 ,
1207 3335 1238 3392 et
1258 3330 1327 3394 inao

145 3443 222 3505 lianc
244 3442 367 3504 modum
390 3449 550 3524 postquam
575 3444 739 3525 magistros
774 3443 832 3507 sihi
858 3442 1071 3505 excitauerunt
1104 3439 1290 3522 opiniones-

144 3569 200 3636 que
223 3551 397 3615 haeresium
420 3550 662 3635 adinvenerunt,
685 3550 724 3614 ad
749 3551 930 3614 divisionem
958 3558 1124 3635 venerunt,
1158 3567 1289 3631 quorum

144 3661 340 3724 differentiam
377 3679 539 3742 exponam.
594 3661 658 3725 Etsi
687 3679 763 3725 vero
798 3662 828 3724 io
852 3661 996 3742 plurimas
1032 3666 1136 3741 partes
1170 3657 1290 3722 discissi

144 3777 209 3833 suut
230 3769 326 3852 longo
349 3775 504 3852 tempore,
534 3770 590 3833 sed
613 3778 715 3834 tamen
738 3769 894 3852 potissima
919 3786 1026 3831 eorum
1049 3785 1212 3851 exponam,
1234 3785 1290 3849 per

145 3897 218 3958 quae
242 3878 414 3958 etreliqua
438 3877 576 3942 discendi
599 3880 700 3962 cupidi
733 3879 824 3941 lacile
847 3881 1050 3960 cognoscent.
1106 3877 1176 3940 'Pria
1208 3877 1327 3942 enimes

29 4009 31 4012 ·
146 3986 218 4069 apud
254 4005 307 4050 eos
339 4005 455 4070 genera
489 3987 718 4069 discernuntur,
751 3994 781 4050 et
813 3988 903 4049 unius
933 3991 1103 4048 sectatores
1133 3983 1288 4046 Pharisaei

146 4209 226 4268 omC
396 4211 630 4289 καταλείπομενῦ
790 4214 836 4269 84.
862 4215 921 4283 ἔθη]
951 4229 995 4267 om
1020 4207 1099 4264 cti.
1137 4206 1179 4264 et.
1205 4225 1287 4280 supra

145 4327 169 4381 p.
186 4310 246 4373 440,
267 4309 301 4362 12
451 4311 497 4366 86.
511 4309 622 4382 popina
642 4305 663 4363 C
813 4307 858 4363 87.
877 4306 923 4360 τὸν
939 4305 991 4375 τῆς]
1009 4299 1091 4369 1th
1241 4303 1286 4358 88.

146 4401 199 4456 Vox
217 4401 330 4470 εὐσεβῶς
348 4401 375 4454 in
396 4399 417 4456 C
436 4420 551 4475 prorsus
571 4401 694 4456 evanida.
712 4399 742 4456 M
886 4397 1054 4456 sumturus
1073 4391 1094 4448 C
1240 4396 1287 4448 90.

160 4498 215 4567 θος]
236 4499 316 4557 ἔθνος
334 4493 355 4548 C
373 4493 402 4549 M
556 4498 567 4551 l
590 4514 649 4568 sqq.
688 4493 767 4562 Quae
793 4499 947 4564 sequuntur
971 4487 1142 4560 Hippolytus
1161 4504 1177 4542 c
1196 4484 1289 4540 Flavio
