2920 4982
285 349 565 411 ubedlltttbxlto:
599 353 767 414 Sitttltdtlt.
811 353 915 412 stltotl
943 353 1068 412 lituus,
1185 349 1244 414 5ll

90 514 271 601 lugientem
302 518 466 585 discedere
496 539 599 605 neque
628 521 842 586 liberationem
871 523 1028 605 reperire,
1060 539 1127 584 cum
1160 519 1248 602 aquis

90 625 136 688 sit
162 628 275 691 vincta.
320 628 488 711 Propterea
510 629 682 693 vociferata
714 636 761 692 est
791 647 831 692 cx
860 646 1007 711 aquarum
1039 629 1168 692 mixtura
1191 645 1248 690 se-

93 734 234 798 cundum
254 737 463 823 psalmistam,
487 743 520 801 nl
543 739 636 802 aiunt.
682 738 787 812 Omnis
811 738 905 821 igitur
925 757 999 802 cura
1025 736 1103 799 lucis
1135 751 1248 818 super-

95 859 164 906 nee
188 852 251 929 est,
273 853 306 911 ut
328 846 439 911 liberet
461 843 639 929 scintillam,
663 864 743 928 quae
764 847 842 910 intra
869 852 931 930 est,
955 863 971 908 a
995 852 1099 928 patre,
1122 843 1174 925 qni
1196 843 1287 904 in-eo

95 949 147 1013 tra
173 959 236 1038 est,
259 961 364 1038 uento,
388 952 440 1035 qui
463 955 577 1016 excitat
599 951 751 1018 lervorem
776 961 807 1017 et
831 953 949 1017 turbam
973 950 1092 1036 sibique
1116 957 1248 1014 mentem

94 1055 194 1121 lilium
218 1062 394 1146 generavit,
417 1063 487 1145 qui,
517 1062 674 1146 inquiunt,
698 1079 761 1125 non
784 1061 928 1144 proprius
951 1059 1031 1124 illius
1055 1064 1121 1142 est,
1148 1075 1249 1139 quem,

96 1165 154 1229 ubi
180 1165 291 1232 viderit
312 1169 482 1252 perlectum
504 1166 610 1250 logum
633 1168 708 1231 lucis
730 1187 902 1253 supernae,
926 1175 1040 1231 rnutate
1063 1166 1159 1230 lorma
1191 1162 1248 1228 sub

97 1274 210 1355 specie
232 1279 383 1358 serpentis
415 1277 548 1340 cessisse
581 1276 613 1338 in
645 1281 782 1359 uterum,
819 1283 852 1338 ut
882 1282 1012 1339 mentem
1042 1274 1140 1358 illam,
1173 1271 1250 1336 lucis

98 1381 282 1468 scintillam,
304 1385 446 1468 recipere
468 1388 584 1466 posset.
637 1381 675 1445 lit
704 1381 764 1446 boc
796 1400 866 1445 esse
889 1379 919 1444 id
943 1379 1026 1464 quod
1050 1379 1162 1443 dictum
1186 1384 1288 1442 esbel

102 1488 165 1566 oet
188 1510 257 1553 mm
279 1493 312 1554 in
332 1492 437 1572 forano
458 1494 510 1556 dei
532 1500 630 1572 creet,
663 1509 726 1553 non
754 1491 900 1572 rapiam
922 1489 1094 1552 arbitrator
1116 1495 1164 1549 eat
1184 1503 1251 1548 eece

99 1615 136 1660 se
168 1600 329 1680 oepoolem
356 1601 431 1679 deo,
464 1601 522 1664 aed
549 1607 645 1664 senet
674 1601 773 1682 iprum
802 1599 976 1662 ecinonioa't
1005 1597 1139 1676 formem
1168 1593 1252 1657 nerei

101 1706 272 1786 occipiens.
328 1705 368 1769 Et
394 1705 476 1772 banc
505 1725 575 1772 esse
605 1707 748 1770 servilem
783 1706 912 1771 sormam
940 1705 1044 1769 miseri
1080 1704 1188 1768 volunt
1215 1718 1252 1764 nc

101 1813 245 1893 pestiferi
271 1812 417 1879 Setbiani.
462 1814 547 1879 llaec
568 1815 663 1898 igitur
685 1823 715 1878 et
737 1814 768 1879 bi
789 1814 901 1879 dicunt.

194 1919 244 1984 ll.
290 1921 539 2004 sapientissimus
568 1931 669 1987 autem
700 1923 805 1988 Simon
839 1921 913 1985 dicit
940 1919 972 1984 in
1001 1917 1083 1982 bunc
1112 1915 1273 1980 modumzt

103 2027 250 2092 infinitam
283 2047 355 2093 esse
388 2037 589 2115 potestatem,
627 2029 707 2094 banc
745 2049 817 2095 esse
854 2029 989 2094 radicem
1027 2028 1251 2091 universorum.

103 2133 159 2198 Est
182 2143 301 2220 autem,
323 2138 439 2222 inquit,
461 2137 578 2202 infinita
601 2145 755 2222 potestas,
779 2155 859 2221 quae
882 2142 930 2202 est
951 2135 1051 2219 ignis,
1081 2131 1251 2198 seeundum

107 2263 176 2308 eum
200 2262 262 2308 non
291 2245 422 2326 simplex
452 2247 614 2332 quiddam,
643 2246 734 2312 sicuti
764 2246 921 2330 plerique,
955 2245 1006 2326 qui
1037 2243 1141 2306 dicunt
1173 2240 1250 2304 sim-

105 2353 196 2436 plicio
220 2371 291 2418 esse
314 2360 459 2436 quattuor
481 2353 649 2440 elementa,
680 2361 711 2418 et
742 2355 846 2437 ignem
874 2351 1042 2435 simplicem
1072 2367 1142 2413 esse
1173 2351 1276 2410 cen-b

106 2468 252 2545 suerunt,
281 2461 339 2524 sed
371 2479 442 2524 esse
473 2463 553 2546 ignis
585 2470 722 2528 naturum
754 2463 925 2546 duplicem,
963 2463 1092 2542 eiusque
1124 2456 1253 2539 duplicis

107 2566 231 2651 quidem
261 2575 389 2632 naturae
420 2568 547 2632 alterum
584 2577 673 2633 vocat
702 2568 936 2653 absconditum,
965 2567 1093 2631 alterum
1118 2563 1254 2628 manile-

107 2685 205 2756 stum3
229 2674 326 2740 latere
349 2684 449 2741 nutem
472 2675 652 2742 abscondita
675 2677 724 2740 illa
747 2679 776 2741 in
800 2677 970 2741 manifestis
992 2676 1072 2757 ignis
1098 2679 1130 2737 et
1152 2671 1254 2736 mani·

109 2784 187 2848 leste
209 2785 290 2870 ignis
313 2787 351 2850 ab
374 2786 563 2849 absconditis
586 2788 736 2851 extitisse.
780 2786 894 2850 Omnes
912 2791 1023 2867 autem,
1047 2782 1156 2864 inquit,
1177 2799 1253 2862 par·

29 2925 34 2945 ,
108 2896 155 2954 tes
186 2893 267 2977 ignis
298 2892 434 2957 visibiles
469 2899 500 2956 et
530 2893 699 2957 invisibiles
722 2873 844 2956 babilae
875 2899 948 2956 sunt
978 2909 1102 2954 sensum
1126 2886 1290 2951 babereto

108 2998 214 3064 Extitit
234 3001 343 3082 igitur,
366 3000 521 3082 inquiunt,
545 2999 676 3064 mundus
699 3003 750 3084 qui
774 3007 942 3085 generatus
966 3005 1014 3060 est
1030 3016 1046 3059 n
1064 3012 1255 3079 non-gene-

110 3111 176 3169 rato
198 3106 272 3190 igni.
318 3107 453 3188 Coeptus
477 3115 579 3172 nutem
602 3115 648 3172 est
671 3109 756 3190 lieri,
785 3109 903 3192 inquil,
936 3107 967 3168 in
998 3103 1079 3167 bunc
1113 3100 1252 3165 modum:

112 3215 173 3280 Sex
194 3215 317 3279 radices
340 3234 455 3297 easque
477 3212 589 3300 primas
610 3219 748 3300 principii
770 3215 981 3300 generationis
1004 3230 1129 3276 sumens
1152 3212 1178 3273 is
1202 3210 1254 3292 qui

112 3330 276 3406 generatus
300 3332 347 3388 est
369 3325 551 3408 aprincipio
574 3326 656 3409 ignis
677 3325 771 3403 illius3
794 3322 849 3388 bas
871 3325 950 3387 enim
972 3321 1094 3385 radices
1117 3319 1255 3382 extitisse

112 3448 166 3511 per
187 3431 426 3514 coniugationos
457 3433 494 3494 nb
524 3433 602 3516 igni,
637 3449 714 3514 quos
745 3431 868 3514 quidem
899 3429 1031 3510 appellat
1057 3427 1193 3492 Mentem
1223 3429 1290 3488 ettl

113 3536 361 3623 intelligentiam,
383 3538 499 3602 Vocem
530 3547 561 3602 et
589 3537 726 3622 Nomen,
763 3539 1039 3602 Ratiocinationem
1067 3541 1097 3597 et
1124 3533 1255 3615 cogita-

112 3648 232 3712 tionem.
278 3647 356 3712 Esse
385 3654 486 3712 autern
509 3649 541 3710 in
564 3665 621 3712 sex
643 3647 689 3712 bis
712 3645 870 3711 radicibus
892 3645 1039 3710 infinitam
1061 3644 1150 3708 simul
1173 3644 1253 3708 illem

116 3890 139 3942 6.
158 3887 216 3943 κατ’
235 3885 326 3965 αὐτὸν]
346 3887 413 3943 καθ’
433 3885 608 3944 odadeM.
646 3887 690 3945 Ci.
709 3905 792 3963 snpra
811 3905 840 3962 p.
858 3888 922 3954 286,
940 3888 977 3944 83
1102 3888 1130 3942 7.
1149 3883 1256 3950 dier?

115 3987 199 4035 ortum
221 3998 283 4036 esre
303 3980 450 4036 delendum
474 3981 582 4036 monuit
603 3981 657 4036 inm
675 3979 705 4037 Μ
831 3982 859 4036 9.
881 3983 934 4055 μέν
952 3975 984 4057 n]
1009 3981 1062 4052 pair
1084 3997 1123 4033 rm
1140 3975 1173 4034 G.
1210 3975 1255 4034 cl.

118 4091 192 4147 snpra
213 4092 241 4146 p.
259 4075 323 4140 238,
342 4075 378 4130 86
525 4074 566 4128 il.
585 4075 631 4130 roi
647 4071 742 4150 πυρός]
762 4071 789 4129 ni
808 4071 861 4148 πῦρ
880 4071 902 4129 C
920 4072 960 4130 Μ.
997 4073 1086 4128 Sicuti
1108 4073 1253 4128 nosetiam

117 4164 146 4222 li.
165 4165 278 4222 Scottus
297 4165 427 4222 correxit.
465 4163 509 4222 ct.
530 4183 613 4238 supra
632 4186 660 4239 p.
679 4169 742 4232 238,
761 4169 806 4222 87.
825 4169 871 4224 88.
990 4167 1032 4221 ts.
1058 4163 1153 4244 pacto]
1175 4171 1256 4236 φησίν

118 4277 186 4332 susp.
209 4257 239 4316 M
386 4261 426 4314 ll.
446 4259 460 4313 δ
479 4257 610 4336 γεννητὸς]
636 4260 778 4333 dyivrmnc
802 4257 876 4315 CM.
915 4255 957 4313 Cl.
983 4275 1065 4331 supra
1091 4277 1118 4330 p.
1137 4261 1201 4322 ²40.
1220 4261 1252 4313 31

121 4355 157 4409 16.
173 4348 305 4430 γεννηπύς]
325 4352 465 4426 ἀγένητος
483 4348 505 4407 C
521 4349 561 4408 Μ.
599 4350 641 4406 Cl.
662 4370 743 4425 supra
764 4371 791 4426 p.
811 4355 874 4418 240.
892 4353 928 4409 33
1053 4352 1095 4405 l'l.
1119 4349 1254 4430 συζυγίας]

119 4449 239 4520 συζυγίαν
257 4445 279 4502 C
297 4445 336 4501 bl.
375 4444 418 4502 Cf.
438 4463 519 4518 supro
540 4462 567 4519 p.
583 4447 692 4511 boumn
764 4448 809 4500 ²⁰.
829 4445 955 4518 δύναμιν,
974 4439 1006 4510 ἢν
1023 4441 1104 4522 elren]
1123 4445 1256 4518 δύναμιν·

120 4543 183 4596 riam
201 4533 223 4594 C
242 4535 287 4594 M:
310 4537 476 4612 bernayaius
496 4538 560 4594 coli.
574 4538 646 4593 libro
667 4549 744 4594 sexto
757 4557 786 4610 p.
803 4540 866 4602 24⁰.
879 4539 915 4596 38
941 4555 991 4612 per
1010 4535 1254 4594 homoeoteleuton
