3056 4970
653 263 817 324 ΡΕΒΑΤΑΕ.
1245 262 1306 326 163

160 438 330 496 commutat
353 441 383 496 et
405 433 499 496 ellicit
520 434 680 497 ambientis
703 435 937 519 conversiones,
961 433 1052 515 quate
1075 442 1121 498 est
1143 434 1264 519 signum
1277 445 1308 499 et

163 540 247 604 eries
277 547 312 622 et
339 541 391 620 qui
418 545 466 604 ost
493 539 695 605 exadversum
717 540 759 604 illi
781 543 861 604 sicut
880 540 966 622 libro,
989 542 1253 624 capricornusque
1279 550 1307 605 et

163 665 288 716 cancer.
333 647 368 710 ln
390 648 486 711 ariete
506 648 586 710 enim
609 666 703 711 verne
725 648 757 712 fit
780 649 962 731 conversio,
986 649 1016 711 in
1039 651 1223 731 capricorno
1248 668 1308 715 au·
1365 657 1370 662 '

164 761 226 818 tem
248 753 388 819 hiemalis
401 805 409 839 ,
443 756 474 817 in
498 772 611 818 canoro
630 763 732 820 autem
756 757 886 839 nestt'va,
909 757 940 818 in
963 754 1039 818 libra
1063 764 1162 820 autern
1187 766 1308 820 autum·

165 861 253 926 nelis.
298 861 386 926 llaec
414 868 515 925 autem
541 869 571 924 et
596 861 765 926 doctrinam
789 862 897 926 dehis
920 862 1085 926 minutatim
1110 865 1347 945 exposuimuses

165 971 196 1034 in
225 989 265 1034 oo
296 971 374 1034 libro
404 971 455 1053 qui
481 969 564 1035 hunc
594 969 762 1055 antecedit,
793 969 875 1034 unde
906 971 1051 1034 studiosis
1081 970 1153 1034 licet
1175 969 1308 1053 discere,

165 1077 325 1160 quomodo
348 1077 506 1141 Paraticae
529 1084 635 1140 sectae
657 1077 808 1163 signiferi,
829 1077 1002 1160 Euphrates
1017 1077 1173 1143 Peraticus
1191 1085 1221 1142 et
1234 1077 1309 1141 Cel-

50 1215 74 1245 ·
165 1185 224 1248 hes
248 1185 413 1269 Carystius,
437 1204 516 1266 quae
539 1185 717 1271 hauserunt,
740 1187 864 1280 nomine
887 1192 1001 1250 lantum
1024 1191 1114 1249 tenus
1127 1187 1310 1249 immutave-

163 1298 246 1376 runt,
278 1311 313 1354 re
335 1299 435 1358 sutem
459 1291 627 1356 consimilia
650 1299 831 1376 statuerunt,
861 1300 891 1355 et
913 1293 970 1374 ipsi
992 1292 1031 1357 ad
1055 1291 1187 1356 laedium
1212 1310 1310 1372 usque

165 1399 238 1462 huic
268 1400 324 1462 orti
352 1398 455 1462 dediti.
507 1399 627 1462 Etenim
658 1397 735 1462 lines
765 1405 917 1462 astrorum
948 1400 1098 1483 astrologi
1126 1399 1246 1480 dicunt,
1278 1401 1348 1467 into

165 1506 277 1588 quibus
298 1505 367 1588 plus
388 1523 482 1590 posse
504 1507 588 1570 aiunt
611 1507 797 1588 imperantes
820 1505 941 1588 stellas,
973 1507 1065 1570 veluti
1094 1509 1124 1570 in
1149 1507 1216 1570 aliis
1240 1526 1310 1570 ma-

163 1613 321 1697 lefaciunt,
342 1614 373 1676 in
398 1613 463 1677 aliis
485 1612 577 1698 bene,
600 1631 727 1696 querum
750 1613 825 1677 alies
849 1613 1002 1678 maleficas
1017 1622 1137 1699 vocant,
1161 1615 1235 1678 alias
1249 1615 1311 1676 be-

163 1719 290 1784 neficas.
352 1719 525 1802 Adspicere
554 1725 654 1784 aulem
683 1720 824 1784 dicuntur
853 1739 888 1785 se
916 1722 1048 1785 invicem
1080 1731 1111 1786 et
1143 1723 1310 1784 concinere

164 1827 250 1890 inter
277 1843 330 1911 se,
361 1834 395 1892 ut
422 1846 501 1909 quae
529 1827 559 1890 iu
583 1827 763 1912 triangulari
787 1833 838 1891 eut
858 1829 1007 1910 quadrata
1031 1828 1130 1893 lorma
1152 1835 1310 1912 apparent.

165 1933 200 1996 ln
224 1933 403 2017 triangulari
424 1933 522 1997 lorme
553 1933 646 2017 igitur
674 1934 908 1998 conformantur
930 1935 1145 2017 adspectantes
1167 1954 1202 2001 se
1226 1937 1349 2014 invi-45

167 2059 239 2104 cern
259 2039 390 2122 stellae,
419 2057 500 2122 guae
529 2041 618 2104 trium
642 2042 799 2125 signorum
822 2044 951 2123 spolium
972 2041 1087 2124 hahent
1109 2044 1312 2125 interiectum,

168 2149 200 2211 io
219 2144 373 2229 ‘quadrata
394 2153 496 2242 autem
520 2165 600 2228 quae
623 2145 762 2212 duorum.
811 2149 907 2214 Sicuti
930 2158 1032 2213 autem
1054 2152 1084 2213 in
1107 2151 1232 2214 homine
1255 2171 1312 2215 ca-

165 2255 220 2336 piti
241 2254 441 2320 subiacentes
464 2262 567 2337 partes
589 2245 827 2339 compatiantur,
867 2259 1069 2339 compatiatur
1098 2264 1199 2322 eutem
1221 2259 1310 2321 etiam

166 2345 397 2440 subiacentibus
419 2368 519 2445 caput,
544 2361 590 2423 sic
612 2363 703 2426 etism
726 2363 978 2444 superlunaribus
1001 2370 1133 2428 terrene.
1178 2366 1313 2430 Verum-

166 2469 326 2534 enimrero
362 2468 515 2550 quaedam
546 2476 591 2532 est
620 2469 728 2533 horum
758 2469 929 2534 differentia
966 2478 997 2533 et
1036 2471 1352 2556 incompatibilitas,50

167 2584 202 2640 ut
218 2593 306 2657 guae
329 2593 390 2639 non
413 2593 505 2639 unam
523 2575 717 2657 eandemque
736 2575 871 2640 habeant
894 2577 1072 2641 unitionem.
1118 2565 1203 2641 Hauc
1220 2596 1312 2642 com·

167 2683 337 2766 posituram
360 2691 392 2746 et
414 2683 636 2766 divergentiam
661 2682 831 2765 stellarum,
864 2701 945 2765 quae
973 2691 1019 2746 est
1043 2682 1227 2762 Chaldeica,
1256 2684 1313 2747 sibi

170 2796 365 2873 arrogantes,
388 2807 466 2870 quos
490 2797 561 2853 ante
585 2788 725 2864 diximus,
743 2790 856 2851 nomini
880 2789 1017 2854 veritatis
1034 2788 1112 2854 lalso
1130 2790 1314 2872 impertien-

42 2925 51 2947 ι
170 2904 233 2978 tes,
264 2901 408 2978 tanguam
440 2894 550 2959 Christi
572 2895 742 2959 doctrinam
767 2895 941 2978 venditant,
978 2915 1123 2960 aevorum
1148 2905 1258 2960 statum
1284 2904 1315 2960 et

168 3005 368 3070 transitiones
399 3005 549 3068 bonerum
580 3009 763 3084 potestatum
793 3005 824 3067 in
853 3004 929 3067 mala
961 3011 993 3067 et
1014 3011 1185 3069 concentus
1210 3005 1352 3075 hono-m

165 3225 208 3260 scs
226 3203 340 3260 Sextus:
360 3204 595 3276 σοσχημοιίζονιοι
613 3199 635 3256 C
653 3199 683 3256 H
738 3201 953 3274 losdsmpes'ims]
971 3199 1017 3255 sal
1035 3201 1228 3273 ἐπιθεωροῦσιν
1241 3196 1315 3254 Sex-

170 3308 214 3355 tus
292 3298 346 3367 λπλ]
373 3298 399 3350 cl
422 3295 465 3350 λπλ
489 3293 599 3351 Sextu's.
643 3290 685 3349 Cf.
710 3293 903 3365 suprsp.50,
924 3293 956 3348 10
1079 3294 1123 3347 66.
1153 3293 1182 3346 τὸ
1202 3320 1237 3334 -
1256 3290 1315 3345 διά-

168 3391 281 3465 λειμμα]
308 3387 350 3444 Cf.
376 3405 457 3460 supra
484 3404 512 3459 p.
532 3388 581 3452 50,
602 3387 649 3441 11ι
673 3385 704 3440 ιὰ
721 3420 757 3431 -
775 3386 954 3459 διαλείμματα
974 3382 995 3439 C
1013 3381 1057 3440 Μι
1082 3384 1110 3440 sd
1128 3419 1164 3431 -
1182 3385 1315 3458 dsdcmpc

170 3481 271 3538 Sextus
342 3480 408 3534 κατὰ
432 3477 541 3535 Sextus.
586 3476 628 3533 Cl.
650 3493 736 3550 suprs
763 3495 790 3550 p.
817 3480 869 3544 5⁰,
896 3479 942 3532 ll:
969 3478 1016 3532 sal
1034 3474 1056 3531 C
1074 3474 1104 3533 Μ
1219 3479 1263 3532 67.
1289 3477 1317 3531 ο1

170 3577 256 3645 dosia]
275 3575 349 3628 σὀεῖν
367 3570 389 3627 G
405 3569 450 3628 H:
477 3573 598 3626 oldonis
615 3567 716 3624 Sextus
831 3571 875 3625 67.
902 3587 960 3643 sqq.
998 3567 1078 3624 Haec
1096 3569 1182 3643 petits
1201 3578 1265 3624 suut
1283 3587 1316 3624 ex

171 3665 257 3724 Sexto
275 3663 308 3730 V,
327 3666 372 3720 44.
391 3682 418 3736 p.
439 3663 491 3720 7³5
520 3659 574 3718 ”ov
592 3696 628 3707 -
646 3661 795 3734 ἀνθρώπῳ]
820 3661 872 3734 μὲν
888 3661 921 3716 ια’
938 3662 995 3716 ἄνω
1014 3659 1036 3716 C
1054 3659 1084 3716 Μ
1161 3663 1264 3735 κεφαλῇ
1279 3695 1316 3709 -

170 3757 344 3831 ὑποκείμενα]
362 3755 471 3826 κεφαλή,
490 3754 520 3807 σᾶ
538 3753 566 3808 δι’
579 3752 740 3826 ὑποκείμενα
751 3751 773 3808 C
784 3751 827 3808 M:
848 3774 876 3828 sp
893 3755 996 3828 κεφαλῇ
1013 3755 1044 3807 τὰ
1061 3753 1222 3826 ὑποκείμενα
1241 3752 1316 3810 Sex-

169 3860 230 3906 tus:
262 3850 364 3922 sepulyi
388 3847 419 3902 at
443 3847 603 3918 ὑποκείμενα
628 3845 688 3915 lpse
716 3842 883 3918 Hippolytus
903 3862 984 3916 supra
1004 3863 1030 3917 p.
1051 3846 1095 3909 50,
1116 3845 1149 3900 le
1271 3847 1315 3902 68.

168 3943 237 4014 μέρη
256 3937 433 4012 συμπάσχειν]
450 3941 518 4012 μέρη
536 3937 648 4018 πάσχειν
665 3935 831 4010 συμπάσχειν
850 3932 871 3989 C
889 3933 934 3990 ll:
960 3937 1028 4009 μέρη
1046 3937 1197 4010 σομπάσχει
1218 3935 1317 3992 Sextus

171 4034 216 4089 69.
246 4029 469 4107 λπιρσιλρνιολσις]
495 4031 665 4102 ἰποορανίοις
696 4027 796 4084 Sextus
910 4029 954 4082 70.
987 4028 1061 4084 Ἀλλὰ
1085 4028 1140 4101 γάρ
1164 4025 1212 4104 ας]
1244 4029 1318 4096 Ἄλλη

169 4125 225 4197 γάρ
242 4143 280 4186 πς
305 4120 389 4178 CH.-
426 4123 493 4178 ἄλλο’
512 4142 549 4184 τις
568 4119 667 4176 Sextus
687 4129 715 4176 et
733 4118 900 4192 Hippolytus
919 4138 946 4192 p.
967 4123 1015 4186 5⁰,
1036 4121 1070 4175 tt
1202 4122 1246 4175 to.
1272 4121 1316 4174 71.

170 4217 345 4291 ἀσιμπάθειο
364 4214 463 4271 Sextus
483 4223 511 4268 et
528 4211 697 4286 Hippolytus
717 4231 744 4284 p.
754 4213 798 4277 50,
819 4213 865 4267 ts:
885 4208 1072 4286 σομπιίθιισῦ
1085 4208 1116 4265 Μ
1223 4211 1267 4264 71.
1282 4209 1319 4272 ὠς

170 4310 205 4364 ἂν
229 4307 268 4381 μὴ
287 4305 385 4363 Sextus
404 4315 433 4362 et
445 4303 531 4379 Hipp.
544 4324 570 4378 p.
584 4307 628 4371 5⁰,
649 4307 692 4360 14.
706 4305 758 4360 15ι
776 4303 812 4364 ὥς
827 4301 940 4376 μῆΕΜ
1047 4303 1163 4357 71-75.
1180 4299 1221 4356 (ll.
1236 4319 1318 4374 supra

170 4402 253 4474 pho,
273 4400 385 4456 16-23.
496 4399 540 4452 76.
560 4399 605 4452 77.
624 4395 862 4471 προσαγορεύουσι,
879 4396 1018 4458 καλοῦντες
1035 4393 1171 4468 τοπάρχας
1188 4391 1211 4450 C
1226 4391 1258 4450 Μ
