3050 4988
638 309 787 370 MARCUS.
1220 306 1285 374 335

136 475 285 558 numeros
324 494 514 573 fabulantur,
549 495 691 560 undecim
726 495 913 579 complicatis
951 513 1020 559 oum
1058 512 1169 558 novem
1205 493 1287 559 elfici

137 602 309 684 nonaginta
333 607 363 663 et
393 619 505 665 novem
533 620 708 684 numerum,
738 609 769 667 et
797 602 886 668 huius
920 603 966 664 rei
996 603 1094 686 gratia
1125 601 1185 666 dici
1213 601 1285 666 illud

136 709 237 772 Amen
269 708 461 791 complexum
496 727 656 774 numerum
685 712 855 794 nonaginta
882 727 1004 774 novem.
1056 708 1155 772 Alium
1184 717 1325 774 autemst

137 832 299 878 numerum
323 861 459 884 .....
482 819 523 882 ita
547 819 645 882 aiunt:
669 819 811 881 Litteram
835 818 872 878 H
890 835 950 880 ona
973 834 1041 878 cum
1066 817 1202 897 episemo
1223 833 1286 900 og-

139 921 272 986 doadem
296 941 385 1008 essa,
408 927 552 1006 quoniam
577 926 614 990 ab
636 927 672 988 A
692 931 804 989 octavo
827 927 885 988 sita
908 925 946 987 sit
968 923 1057 1000 loeo;
1082 922 1195 988 deinde
1211 942 1285 986 rur-

137 1045 193 1092 sus
215 1031 283 1093 sine
307 1031 444 1113 episemo
479 1040 689 1114 computantes
717 1050 876 1094 numerum
906 1031 1038 1112 ipsarum
1064 1029 1234 1093 litterarum
1256 1039 1287 1094 et

138 1145 362 1217 componentes
384 1156 484 1220 usque
506 1139 545 1202 ad
575 1141 613 1201 Η
629 1140 752 1223 triginta
780 1156 938 1202 numerum
970 1136 1073 1200 edunt.
1127 1135 1286 1200 Proiectus

139 1245 221 1306 enim
257 1245 404 1327 quispiam
438 1245 476 1309 ab
505 1243 605 1328 Alpha
637 1264 737 1327 usque
769 1245 808 1310 ad
844 1245 898 1309 Eta
928 1263 1088 1308 numerum
1116 1244 1324 1320 litterarumao

139 1348 264 1431 dempto
294 1353 431 1434 episemo
463 1354 600 1434 reperiet
628 1354 752 1438 triginta
788 1371 957 1417 numerum.
1013 1352 1161 1426 Quoniam
1194 1353 1286 1434 igitur

141 1457 301 1520 extribus
324 1461 525 1539 potestatibus
549 1461 652 1524 unitus
676 1465 724 1524 est
745 1477 889 1523 numerus
913 1459 1046 1543 triginta,
1070 1465 1117 1522 ter
1137 1461 1205 1541 ipse
1228 1477 1284 1520 re-

140 1566 253 1646 petitus
276 1584 436 1630 numerum
459 1569 627 1651 nonaginta
651 1567 769 1647 effecit3
790 1575 840 1630 ter
862 1566 942 1630 enim
965 1567 1087 1648 triginta
1106 1566 1285 1649 nonaginta.

140 1670 184 1735 lta
208 1672 329 1756 ogdoas
352 1691 513 1738 numerum
542 1678 711 1759 nonaginta
740 1692 851 1738 novem
885 1676 1006 1756 peperit
1034 1692 1075 1737 ex
1105 1675 1200 1755 prima
1224 1692 1285 1757 og-

142 1779 244 1844 doade
267 1787 298 1845 at
319 1781 439 1846 decada
466 1789 498 1846 et
521 1781 721 1857 duodecade,
755 1782 842 1846 cuius
869 1781 962 1845 modo
991 1782 1022 1844 in
1051 1782 1203 1862 integrum
1226 1798 1322 1855 co-an

140 1893 252 1970 gentes
273 1906 432 1953 numerum
456 1889 570 1952 iaciunt
597 1887 836 1974 anacontadam,
866 1888 958 1952 modo
990 1887 1203 1952 duodecimum
1225 1887 1286 1951 de-

142 2001 262 2058 mentes
291 2003 454 2059 numerant
481 1996 642 2076 undecim;
675 1997 813 2060 similiter
842 2005 873 2061 et
905 1996 1055 2060 decimum
1087 1979 1286 2060 taciunt'no-

141 2209 286 2274 drachma
318 2210 370 2292 qui
397 2217 468 2274 sunt
496 2227 622 2294 novem,
658 2211 689 2273 io
719 2229 779 2274 ove
812 2230 890 2278 vero
926 2212 1084 2297 undecim,
1118 2212 1286 2294 perplexos

139 2315 378 2402 sibimetipsis,
412 2315 507 2380 XCIX
529 2334 688 2380 numerum
717 2335 886 2402 generare,
915 2321 1060 2400 quoniam
1089 2322 1199 2384 novies
1222 2337 1284 2383 un-

140 2425 240 2488 decim
269 2423 366 2488 xcix
394 2423 483 2502 fiant3
518 2433 706 2507 quapropter
736 2430 767 2486 et
795 2424 893 2487 Amen
920 2425 1002 2489 huno
1036 2425 1151 2490 habere
1181 2426 1286 2491 dicunt

140 2547 312 2593 numerum.

228 2637 258 2700 2.
302 2635 370 2700 Nou
394 2636 564 2720 pigritabor
584 2644 684 2701 autem
706 2636 760 2700 tibi
786 2641 818 2700 et
846 2636 934 2700 aliter
962 2655 1016 2700 eos
1047 2639 1284 2720 interpretantes

141 2746 346 2827 annunciare,
382 2750 416 2808 ut
445 2744 580 2827 undique
612 2745 784 2826 conspicias
810 2744 940 2807 fructum
973 2761 1090 2809 eorum.
1141 2746 1284 2809 Litteram

143 2853 223 2915 enirn
247 2852 284 2912 H
301 2869 369 2914 cum
394 2852 531 2932 episemo
555 2850 729 2935 ogdoadem
759 2868 830 2914 esse
858 2849 980 2935 volunt,
1015 2869 1084 2913 curo
1114 2852 1152 2914 ab
1186 2850 1283 2933 Alpina

140 2959 213 3022 beta
237 2967 347 3022 octavo
369 2958 409 3022 sit
430 2959 527 3039 posita
556 2957 646 3036 looo;
675 2975 784 3021 rursus
814 2959 923 3021 iterum
946 2959 1014 3021 sine
1037 2958 1174 3040 episemo
1197 2975 1286 3020 com-

138 3072 282 3148 putantes
303 3083 463 3128 numerum
485 3066 618 3147 ipsarum
640 3064 808 3129 litterarum
832 3072 864 3129 et
883 3073 1104 3147 componentes
1125 3083 1224 3146 usque
1247 3064 1285 3127 ad

140 3175 183 3256 Η,
203 3171 424 3237 triacontadem
448 3169 623 3236 ostendunt.
677 3171 829 3254 Incipiens
853 3174 933 3236 anim
957 3172 1025 3253 quis
1046 3170 1084 3236 ab
1105 3173 1141 3234 A
1157 3178 1185 3233 et
1208 3189 1286 3252 per·

141 3279 252 3343 finiens
274 3281 305 3342 iu
329 3281 379 3364 H,
408 3297 464 3361 per
485 3295 632 3342 numeros
660 3279 843 3364 litterarum,
877 3278 1058 3344 abstrahens
1093 3284 1194 3343 autem
1218 3280 1287 3360 epi-

142 3405 259 3452 semum
282 3393 314 3449 et
335 3389 463 3468 insuper
485 3385 680 3470 coniungens
703 3385 924 3450 incrementum
946 3387 1126 3467 litterarum,
1149 3387 1285 3448 inveniet

142 3495 336 3558 tricenarium
359 3510 530 3555 nnmerum.
588 3491 692 3574 Usque
721 3494 800 3556 anim
831 3495 868 3560 ad
897 3497 928 3556 Ε
951 3495 1081 3557 litteram
1114 3491 1172 3555 XV
1200 3491 1285 3574 fiunt,

141 3609 212 3683 post
233 3601 346 3665 deinde
369 3601 527 3683 appositus
549 3597 586 3662 iis
617 3599 669 3662 llll
692 3609 838 3662 numerus
871 3600 897 3663 ll
920 3609 952 3664 et
974 3599 1031 3665 XX
1053 3599 1192 3684 perficit,
1216 3617 1284 3663 cum

142 3715 243 3771 autem
267 3709 438 3789 appositum
461 3713 509 3770 est
531 3707 568 3770 iis
590 3707 637 3791 H,
666 3707 749 3788 quod
781 3715 827 3770 est
852 3707 934 3791 lllll,
968 3706 1175 3771 admirabilem
1208 3708 1286 3771 tria-

142 3811 304 3877 contadem
328 3812 515 3896 adimplevit,
546 3819 577 3875 et
595 3812 667 3876 hine
691 3813 857 3877 ostendunt
877 3813 1052 3896 ogdoadem
1079 3821 1203 3878 matrem
1227 3816 1286 3880 tri-

140 3923 225 4005 ginta
250 3939 393 3986 aeonum.
450 3919 711 4003 Quoniamigitur
735 3920 893 3983 extribus
916 3922 1077 3986 virtutibus
1106 3925 1208 3986 unitus
1239 3929 1287 3986 est

140 4028 323 4090 tricenarius
345 4044 506 4111 numerus,
528 4034 576 4090 ter
596 4027 678 4089 idom
700 4025 800 4091 factus
825 4026 879 4092 XC
900 4027 982 4092 lecit.
1033 4027 1071 4091 Et
1096 4030 1162 4110 ipsa
1185 4034 1284 4092 autem

140 4137 214 4198 trias
237 4137 266 4198 in
290 4152 326 4198 se
348 4137 519 4216 composita
539 4132 617 4197 llllll
638 4137 807 4215 generavit.
853 4135 903 4200 Sic
927 4133 1047 4219 ogdoas
1065 4135 1159 4200 XCIX
1182 4152 1286 4218 gene-

140 4385 170 4438 ἰν
188 4381 278 4454 ὀγδόῳ
295 4377 326 4436 Μ
458 4379 502 4436 95.
533 4379 577 4434 τὸν
603 4388 666 4434 ante
690 4379 828 4451 τριάκοντα
847 4397 891 4434 om
910 4375 946 4436 C:
965 4375 1061 4434 raioll
1240 4377 1285 4434 96.

139 4475 195 4546 τρὶς
218 4473 271 4526 add
288 4470 319 4527 Μ
