3056 4970
569 293 735 354 SETlilAlil.
780 295 941 357 tustutus
1259 295 1322 362 215

176 467 270 544 caput
284 460 373 543 putei
394 460 622 544 receptaculum
644 459 799 542 quoddam
819 460 937 528 hahens
959 469 1023 528 tres
1046 481 1360 538 carceresasese.1e

174 567 224 632 lix
253 585 317 652 guo
343 575 437 652 puteo
466 568 519 632 uhi
547 568 615 649 quis
646 566 781 632 hauserit
801 567 951 651 ordoque
975 573 1144 636 extraxerit
1166 591 1207 637 ex
1224 579 1318 655 puteo

173 673 317 742 haustum
349 675 558 758 quodcunque
588 673 710 742 tandem
738 680 785 740 est
814 675 923 740 inludit
950 676 982 740 in
1003 677 1151 744 adiacens
1172 689 1319 764 recepta-

174 784 288 850 culum.
340 785 453 850 tusum
480 788 584 848 autem
615 781 669 846 uhi
694 781 779 844 veuit
801 780 840 845 ed
862 799 1020 868 carceres,
1051 786 1087 850 in
1104 804 1167 850 uuo
1190 787 1317 852 vasculo

173 899 333 974 receptum
355 890 557 973 discernitur,
591 898 623 954 et
644 891 675 954 in
696 888 796 971 primo
819 888 944 971 quidem
966 890 1012 955 sel
1034 899 1201 956 concretus
1225 893 1317 958 exhi-

171 998 284 1080 betur,
318 999 350 1062 in
381 998 478 1064 altero
513 1003 614 1078 autem
645 1013 805 1060 carcerum
838 996 1012 1082 asphaltus,
1045 998 1189 1062 intortio
1214 1008 1356 1066 autenm

171 1105 287 1170 oleum.
329 1103 437 1170 Atrum
461 1109 563 1168 autem
586 1109 635 1168 est
657 1101 774 1186 oleum,
807 1109 857 1188 ut,
875 1104 1001 1190 inquit,
1031 1104 1121 1168 etiam
1139 1104 1315 1169 Herodotus

171 1216 287 1294 narrat,
311 1216 342 1274 et
368 1209 497 1276 odorem
518 1209 671 1291 praebens
693 1227 829 1293 gravem,
849 1208 1040 1276 rhadinacen
1063 1211 1214 1276 autemid
1235 1213 1314 1276 Per-

169 1331 225 1380 sae
254 1323 378 1381 vocent.
427 1317 613 1402 Sufficiohet,
644 1318 783 1400 inquiunt
805 1316 951 1404 sethiani,
979 1318 1018 1383 ad
1042 1317 1312 1384 demonstrandum

167 1424 201 1491 id
224 1423 308 1506 quod
330 1424 520 1506 propositum
545 1429 592 1490 cst
613 1423 696 1506 putei
712 1424 877 1489 similitudo
896 1428 994 1511 magis
1010 1445 1099 1510 quem
1112 1428 1215 1492 omnia
1232 1443 1312 1511 quae

167 1537 262 1598 eules
284 1529 365 1594 dicte
387 1537 493 1597 sunt,
791 1555 795 1562 ·
1322 1551 1353 1600 ts

255 1636 306 1702 22.
358 1636 489 1703 Abunde
521 1636 643 1701 videtur
674 1635 764 1700 nobis
801 1637 957 1702 declarata
993 1655 1063 1702 esse
1096 1638 1310 1706 sethianorum

165 1747 332 1813 sententie
378 1744 430 1810 Sin
453 1745 521 1826 quis
544 1761 667 1809 omnem
689 1744 857 1812 secundum
883 1762 938 1809 eos
962 1745 1133 1810 doctrinam
1153 1745 1310 1810 voletco-

165 1869 344 1936 gnoscere,
377 1851 517 1935 inspiciet
544 1851 672 1934 librum,
712 1850 763 1930 qui
793 1849 969 1915 inscribitur
998 1851 1196 1934 Paraphrasis
1226 1851 1309 1918 Seth.

164 1959 275 2024 Omnia
297 1959 377 2024 enim
400 1976 513 2023 arcana
536 1976 642 2024 eornm
664 1957 706 2022 ibi
727 1959 863 2022 inveniet
884 1959 1032 2040 reposita.
1066 1955 1127 2021 Sed
1146 1962 1308 2040 postquam

163 2065 381 2132 sethimorum
405 2063 530 2130 decreta
553 2067 773 2152 enarravimus,
794 2064 953 2129 videamus
976 2065 1066 2130 etiam
1090 2080 1137 2147 on,
1160 2080 1239 2145 qnae
1254 2063 1347 2127 lu·to

163 2173 245 2238 stino
268 2171 456 2255 placuerunt.

249 2276 301 2344 23.
344 2278 476 2344 lustinus
505 2279 544 2343 ab
577 2278 660 2344 omni
688 2284 775 2360 purte
806 2295 963 2342 sacrarum
994 2278 1212 2362 seripturarum
1245 2278 1307 2344 do-

163 2385 299 2470 ctrinae,
333 2393 498 2468 praeterea
529 2391 632 2449 autem
663 2385 754 2448 etiam
783 2383 945 2450 beatorum
966 2385 1226 2469 evangelistarum
1250 2386 1308 2450 ad-

161 2500 304 2558 versatus
332 2491 447 2575 scripto
478 2498 650 2574 conceptae
680 2491 768 2573 voci,
798 2498 833 2555 ut
863 2491 997 2556 docebat
1020 2491 1112 2576 lngus
1141 2490 1306 2573 discipulos

162 2597 290 2662 dicens:
324 2599 362 2662 ln
390 2600 473 2664 oium
494 2601 628 2682 gendum
650 2617 689 2660 oe
711 2597 862 2680 obieritis,
890 2599 973 2683 quod
995 2597 1118 2682 quidem
1140 2597 1344 2683 significal,tt

162 2723 202 2770 ne
226 2705 294 2786 quis
313 2722 404 2768 eures
417 2706 567 2786 praebeat
584 2702 774 2767 ethnicorum
789 2721 888 2780 vanae
903 2703 1115 2786 doctrinae,-
1127 2702 1177 2768 hic
1186 2703 1223 2768 ad
1232 2703 1304 2766 eth-

161 2815 301 2878 uicorum
330 2812 515 2878 miraculose
538 2818 712 2878 commenta
734 2816 766 2873 et
787 2809 897 2894 placita
920 2810 1080 2900 retrahere
1102 2812 1206 2876 nititur
1229 2829 1304 2876 aus-

159 2921 325 3006 cuttemes,
353 2920 428 3004 ipsis
455 2919 560 2983 verbis
586 2917 665 3000 apud
694 2917 832 2982 Graecos
861 2916 1002 2982 fabulose
1031 2924 1154 2982 narrate
1181 2917 1303 2983 edisse-

159 3046 243 3110 rens,
266 3045 368 3110 neque
390 3027 474 3111 prius
497 3025 631 3108 docens,
654 3043 756 3108 neque
783 3024 909 3088 tradens
931 3025 1099 3106 perlectum
1122 3042 1209 3087 suum
1232 3044 1302 3108 my-

158 3135 294 3216 sterium,
317 3135 376 3198 nisi
398 3133 598 3198 iureiurando
622 3132 820 3197 adstrinxerit
841 3130 1011 3196 seductum.
1064 3129 1185 3193 Deinde
1207 3128 1341 3194 tabu-to

158 3241 204 3304 les
227 3239 354 3322 apponit
377 3238 575 3306 delenimenti
598 3240 705 3322 gratie,
729 3245 770 3322 ut,
794 3239 846 3320 qui
869 3237 1074 3320 cognoverint
1095 3235 1241 3300 infinitam
1258 3237 1300 3300 li-

156 3345 282 3410 hrornm
303 3345 491 3428 inanitatem,
512 3345 713 3410 colementum
738 3343 874 3409 habeant
892 3343 1010 3406 iahulns
1031 3342 1299 3428 (quemadmodum

156 3453 183 3518 si
205 3452 273 3534 quis
295 3453 375 3516 viam
397 3451 523 3534 longam
547 3449 683 3536 iaciens,
709 3467 777 3515 cum
800 3451 958 3514 inciditin
982 3448 1214 3537 deversorium,
1242 3469 1299 3515 re-

156 3561 318 3641 quiescere
340 3561 372 3622 in
396 3559 530 3622 animum
552 3555 697 3642 inducit),
730 3563 762 3621 et
788 3561 828 3621 ita
844 3575 952 3622 rursus
974 3558 1006 3621 in
1028 3556 1193 3623 lectionum
1217 3575 1299 3621 con-

154 3665 237 3730 versi
260 3665 400 3730 diffusam
423 3665 633 3748 cognitionem
663 3681 702 3726 ne
734 3670 953 3748 aspernentur,
991 3663 1092 3727 donec
1121 3663 1160 3728 ad
1190 3663 1335 3730 dolosett

154 3769 317 3834 confictum
340 3772 407 3834 eius
429 3770 658 3838 deliramentum
688 3770 852 3854 perplura
874 3769 1043 3855 (anvbnges)
1067 3771 1219 3834 excentati
1241 3792 1298 3838 ru-

153 3885 207 3941 ant
237 3875 367 3958 sufflati,
401 3895 479 3958 quos
506 3897 575 3942 cum
604 3877 800 3942 horribilibus
829 3880 912 3962 prius
934 3879 1112 3943 iuramentis
1135 3879 1297 3946 obstrinxit

152 3991 181 4048 et
204 4000 307 4066 neque
329 3983 432 4067 eloqui
454 4004 558 4068 neque
580 3985 756 4050 desciscere
777 4003 847 4050 sese
870 3985 1017 4052 addicere
1038 3981 1150 4074 co'e'git,
1173 3990 1296 4052 sictro-

151 4091 195 4155 dit
217 4110 236 4155 a
258 4108 330 4155 sese
352 4099 475 4173 reperta
498 4111 555 4174 per
575 4092 759 4173 impietatem
783 4111 907 4177 arcana,
930 4102 1001 4178 tum,
1024 4102 1058 4159 ut
1078 4095 1295 4178 praediximus,

149 4245 286 4304 Herodot.
306 4248 332 4312 6,
353 4246 404 4302 tte
519 4248 564 4303 99.
583 4247 831 4320 ωσαφηνεῖσθωῦ
945 4254 990 4310 tt.
1007 4255 1091 4325 βίβλῳ
1111 4249 1132 4307 G
1247 4253 1292 4307 99.

148 4338 340 4412 rdcyyelccruir
359 4337 501 4411 ἐγγράφῳ]
519 4338 686 4414 rdcyysbv'crr
703 4343 798 4416 γραφῇ
815 4342 829 4409 ἢ
849 4339 871 4398 G
888 4341 918 4398 Μ
1032 4345 1059 4398 2.
1089 4340 1184 4398 Metth.
1215 4342 1291 4407 tut

188 4431 230 4488 19.
252 4431 295 4486 ll.
313 4429 452 4506 κατάλυμά
472 4428 536 4487 mC
654 4434 694 4490 ll.
713 4431 928 4510 assumpsisset}
