3002 4958
298 305 507 366 aurdanaus,
551 307 658 366 utrm.
701 307 889 366 sconarda.
934 310 1052 368 lidio.
1211 303 1250 368 ³1

103 467 284 532 arbitratur.
330 469 427 532 Prima
450 469 581 534 indivisa
605 490 676 534 essa
699 490 830 553 corpora
855 481 886 536 el
910 475 1165 540 commutationes
1191 491 1253 536 eo-

107 593 175 638 rum
201 576 339 640 existere
362 583 444 660 tr'cs,
467 579 725 661 magnitudinem,
748 580 891 663 liguram,
915 582 1092 664 potentiam,
1116 599 1155 643 ex
1179 583 1291 662 qui-ss

105 683 164 746 om
177 701 216 746 ea
230 701 311 765 quae
330 684 473 748 sensibus
485 687 694 768 percipiunlur
707 686 789 749 liant.
826 686 903 750 Esse
918 694 1017 750 autem
1031 687 1252 755 multitudinem

104 807 226 872 eorum,
261 789 456 854 definitorum
479 793 510 854 ia
534 791 616 856 hunc
639 794 781 877 modum,
813 794 968 856 inlinitum.
1013 795 1129 858 llovmi
1152 805 1251 858 autem

105 915 244 978 corpora
269 914 372 980 neque
395 916 451 980 per
473 900 609 984 pondus,
647 919 749 982 nequa
771 919 828 982 per
851 905 955 984 ictum,
989 900 1044 964 sed
1068 901 1168 964 divina
1191 919 1253 983 po-

104 1010 230 1086 testele,
254 1022 343 1086 quam
366 1011 497 1068 mcnmm
520 1014 551 1068 et
574 1008 703 1070 animem
728 1015 892 1089 nuncupat.
938 1007 1032 1070 liuius
1050 1009 1143 1088 igitur
1160 1027 1252 1071 mun·

105 1110 180 1174 dum
205 1129 278 1176 eme
305 1113 458 1196 speciem,
494 1133 592 1194 quare
617 1117 706 1176 etiam
730 1115 935 1179 orbicularem
959 1117 989 1177 vi
1013 1115 1114 1184 divina
1139 1116 1290 1178 lactumco

103 1235 187 1283 esse.
236 1217 361 1282 Terram
386 1229 496 1304 autem,
521 1211 651 1284 medium
675 1223 788 1306 mundi,
812 1224 928 1286 moveri
952 1223 1033 1284 circa
1060 1240 1147 1285 suum
1171 1241 1252 1286 con·

104 1331 183 1388 trum
206 1344 316 1390 versus
339 1329 500 1392 orientem.

194 1431 310 1514 Hippo
332 1439 433 1496 autem
467 1434 627 1518 lllr'egioas
659 1436 808 1518 principia
837 1433 910 1498 dixit
947 1435 1089 1519 frigidum
1132 1456 1251 1520 aquam,

109 1545 142 1601 et
169 1537 304 1602 celidrum
334 1541 447 1622 ignem.
507 1541 612 1605 Ortum
644 1549 744 1604 autem
771 1543 873 1623 ignem
906 1544 944 1606 ab
988 1561 1065 1624 aqua
1099 1541 1253 1605 devicisse

105 1647 268 1728 genitricis
291 1651 475 1726 potestatem
501 1650 762 1729 constituisseque
787 1649 940 1728 muudum.
987 1651 1126 1711 Animam
1150 1657 1292 1712 antemos

105 1753 274 1834 aliquando
304 1751 380 1815 dixit
410 1755 572 1818 cerebrum
605 1773 690 1836 csse,
725 1754 888 1837 aliquando
913 1765 1037 1838 dquam,
1068 1774 1137 1818 nam
1163 1757 1276 1839 etiam!

104 1857 215 1924 semen
241 1877 329 1942 esse,
364 1860 446 1941 quod
470 1861 559 1924 nobis
583 1869 731 1944 appareat
756 1881 796 1925 cx
821 1861 958 1946 humido,
991 1862 1075 1926 unde
1105 1865 1148 1928 ait
1180 1865 1252 1927 ani-

106 1985 188 2030 mem
213 1968 310 2030 nasci.
845 2045 849 2053 Ι
1164 1989 1167 1996 ·

196 2073 235 2135 llt
262 2073 341 2137 llaec
370 2072 492 2154 quidm
522 2091 602 2155 quac
630 2074 826 2154 apposuimus
857 2073 1114 2160 nolissullicore
1139 2071 1252 2136 viden-

105 2185 166 2242 tur.
213 2180 408 2261 Quapropter
436 2179 557 2243 uidetur
585 2180 675 2243 nobis
697 2182 755 2244 iam
779 2183 854 2244 satis
876 2183 1032 2262 percursis
1056 2179 1251 2263 physicorum
1262 2195 1290 2244 ao

105 2287 227 2367 placitis
249 2303 412 2348 recurrere
434 2288 471 2349 ad
495 2287 654 2354 Socratem
679 2293 710 2350 et
725 2287 892 2369 Platonem,
916 2290 967 2370 qui
986 2288 1132 2352 moralem
1150 2287 1253 2367 potis-

104 2395 218 2456 simum
240 2397 358 2472 partem
382 2393 595 2456 excoluerunt.

196 2499 290 2582 igitur
317 2501 461 2568 Socrales
493 2499 637 2564 Archelai
665 2499 783 2581 physici
810 2499 909 2563 lactus
938 2507 986 2562 est
1015 2501 1145 2563 auditor.
1185 2499 1251 2582 ,Qui

105 2605 222 2670 dictum
248 2605 341 2670 iliad:
373 2625 467 2670 nosce
496 2615 526 2670 te
551 2609 648 2687 ipsas·
677 2607 809 2669 maxime
831 2605 989 2685 amplexus
1012 2623 1121 2687 magna
1145 2605 1252 2674 scitula

107 2717 218 2794 aperta
239 2720 349 2776 uectus
373 2720 420 2777 est
447 2714 581 2776 omnium
606 2713 823 2794 discipulorum
847 2710 1063 2774 habilissimum
1087 2711 1294 2780 Platonemas

106 2819 182 2901 lpse
202 2819 329 2900 quidem
348 2819 422 2882 ninii
446 2821 550 2901 scripti
571 2819 703 2900 reliquit.
747 2819 831 2882 Plato
855 2826 955 2892 autem
979 2820 1154 2881 universam
1186 2817 1253 2878 eius

110 2923 283 2988 doctrinam
312 2925 449 2990 reddens
477 2925 616 2990 condidit
647 2925 785 2990 sclnolam
816 2944 903 2990 susm
930 2926 1023 2990 mixta
1052 2925 1140 2988 simul
1173 2923 1255 3006 pity-

107 3034 192 3113 sica,
215 3032 334 3116 ethica,
357 3033 516 3098 dialectica
541 3032 741 3115 philosophia.
798 3033 885 3106 Quae
909 3040 1009 3096 aulem
1033 3032 1117 3095 Plato
1141 3031 1255 3114 delinit,

108 3138 190 3202 baec
212 3147 293 3203 suat.
381 3173 385 3180 ·

197 3245 284 3308 Plato
312 3247 460 3327 principia
486 3247 622 3309 universi
652 3243 729 3308 dixit
755 3261 826 3308 esse
858 3244 948 3306 deum
980 3248 1011 3304 ct
1038 3243 1195 3306 materiem
1225 3249 1293 3306 etan

108 3353 279 3435 exemplar,
302 3361 334 3414 et
356 3353 446 3416 deum
470 3353 593 3434 quidem
617 3351 809 3414 conditorem
837 3359 869 3414 et
893 3352 944 3432 qui
967 3349 1153 3431 disposuerit
1172 3348 1253 3412 hooc

106 3460 287 3522 universum
319 3461 548 3542 prospicialque
576 3459 633 3541 illi,
665 3458 821 3522 materiem
853 3466 954 3520 autem
987 3457 1080 3522 rebus
1109 3457 1250 3520 omnibus

107 3566 304 3650 substratam,
327 3585 416 3648 quam
441 3565 570 3630 candem
595 3571 686 3628 uocat
707 3564 934 3646 receptaculum
963 3564 1181 3647 claudicem,
1212 3582 1251 3628 ex

110 3787 202 3858 vulgo.
335 3792 380 3846 68.
419 3791 567 3867 Γονόμενον
590 3791 747 3865 Roepcrus:
781 3793 952 3865 Πννιόμενον
977 3791 1059 3862 vulgo
1209 3791 1254 3847 68.

108 3881 281 3947 :aarum
299 3880 336 3935 Ta
355 3887 531 3952 κηανικῆσαν
548 3887 647 3958 reliqui
760 3887 804 3941 to.
822 3889 872 3955 ἔφη
889 3889 959 3940 εἶναι
976 3883 1121 3956 Roeperns
1140 3903 1167 3958 p.
1187 3885 1254 3940 6212

8 4009 9 4012 =
109 3977 181 4045 ἔχειν
204 3973 286 4044 vulgo
367 3979 449 4032 to.
475 3979 529 4050 γὰρ
554 3975 714 4033 Bakhuiaen
733 3995 785 4033 ran
804 3977 858 4032 deu
875 3974 963 4054 Brinla
980 3995 1050 4032 verr.
1070 3977 1201 4032 lectionu-
1222 3993 1256 4032 cs

110 4065 174 4120 laist.
204 4065 304 4138 philos.
327 4077 384 4123 snt.
409 4087 436 4140 p.
463 4071 508 4124 47.
535 4071 585 4124 52:
619 4072 693 4142 παρὰ
719 4071 801 4140 vulgo
908 4070 954 4125 80.
985 4069 1070 4142 pendia
1087 4069 1255 4141 σύγγραμμα

109 4155 274 4228 Rcepcrus:
307 4160 375 4230 padi
400 4161 598 4234 συγγράμματα
624 4161 706 4232 vulgo
823 4161 869 4216 83.
895 4159 988 4233 ὁρίζει,
1016 4161 1068 4214 imi
1094 4157 1253 4230 Bosporum

108 4247 220 4318 ὁρίζω
239 4249 339 4320 vulgo·
432 4253 477 4306 84.
497 4249 643 4307 Exciditne
662 4251 764 4307 alicubi
782 4255 831 4322 lon
849 4250 893 4308 rel
912 4241 1012 4322 paeda?
1111 4251 1156 4305 86.
1175 4249 1257 4302 πᾶσιν

107 4336 272 4412 sospem:
297 4341 389 4396 mim
405 4344 487 4414 vulgo
619 4347 656 4400 87
692 4343 724 4412 iia
741 4345 770 4398 di
793 4345 839 4398 aci
861 4341 896 4398 L:
928 4342 960 4411 ἣν
985 4343 1018 4410 di
1039 4343 1087 4397 aad
1111 4339 1255 4410 llceperus

107 4435 255 4506 διξαμινὴν
272 4432 310 4488 L:
337 4437 485 4510 δεξαμένην
501 4437 614 4510 reliqui;
643 4437 678 4492 cl.
698 4434 818 4490 Lclaecla.
836 4435 871 4489 sd
889 4433 1074 4507 Phryniclsum
1095 4451 1122 4504 p.
1140 4431 1203 4486 322
