3052 4984
211 323 275 388 εστ
319 320 531 408 (ηκουσα.)
639 327 734 386 ποτε
756 329 800 400 σε,
826 331 873 388 ιι.
899 333 949 389 ιο.

209 492 315 576 ἕτερον
335 489 456 556 οόδένσ
474 493 602 579 γενητόν
622 498 676 558 καὶ
697 492 863 578 παθητόν·
886 497 962 556 ποτὲ
978 491 1014 556 δὲ
1031 491 1145 572 λέγων·
1170 491 1272 573 Ούχδ
1289 515 1367 556 ποι-

210 597 265 682 τήρ
288 595 467 677 άπέίέανεν,
491 599 575 664 άλλά
599 600 616 664 ὁ
637 599 721 676 υἱός·
745 601 843 675 οὕτως
866 601 1032 665 ἄπαυστον
1052 601 1108 686 τήν
1129 601 1237 664 στάσιν
1258 599 1295 664 ἐν
1317 603 1367 686 τῷ

172 701 281 790 υολαηῖ
303 703 493 792 διετήρησεν·
519 701 559 772 ού
580 709 618 770 τά
641 705 785 792 νοήματα
806 707 932 791 γνόντες
947 707 1035 792 ήμετς
1052 707 1091 773 υύ
1106 710 1364 792 συνεχωροῦμεν,

210 809 386 893 ἐλέγχοντες
407 818 461 876 καὶ
484 811 784 898 α’ντιιιαόιστάμενοι
799 811 879 902 ὑπὲρ
894 819 946 901 τῆς
959 813 1134 902 ἀληθείας·
1158 817 1194 891 ὃς
1204 815 1251 890 είς
1268 813 1366 880 άπά-

211 939 304 982 νοιαν
338 925 451 1007 χορόν
482 921 534 986 διά
565 921 599 986 τό
630 920 754 998 πάντας
785 920 885 987 αὐτοῦ
913 928 950 1014 τή
978 921 1141 1007 ὑποκρίσει
1170 925 1365 1010 συντρέχειν,

210 1025 295 1113 ἡμᾶς
317 1027 353 1092 δὲ
374 1030 429 1107 οὔ,
461 1027 616 1095 άπεκάλει
637 1029 721 1117 ἡμᾶς
743 1029 891 1109 διόδους,
924 1031 1046 1115 ἐξεμεῖν
1075 1033 1165 1118 παρά
1195 1035 1271 1113 βίαν
1299 1033 1365 1096 τόν

210 1131 445 1220 ἐνδυμοχοῦντα
468 1135 555 1226 αύτῷ
576 1136 638 1202 ἐόν.
686 1137 808 1203 Τούτου
830 1142 885 1214 τόν
906 1142 978 1221 βίον
1000 1139 1089 1204 δυκεί
1118 1139 1195 1227 ήμτν
1223 1142 1364 1227 άγαπη-

174 1241 264 1310 υοτδν
284 1241 462 1322 ἐκθέσθαι,
485 1244 554 1309 ἐπεὶ
575 1239 656 1310 κατά
676 1244 730 1309 τόν
753 1244 850 1310 αδτὸν
871 1245 988 1329 χρόνον
1009 1245 1086 1333 ήμίν
1100 1247 1247 1327 ἐγεγόνει,
1264 1246 1363 1323 ὅπως

210 1347 266 1415 διά
298 1355 353 1416 τοῦ
379 1355 523 1437 φανῆναι
552 1356 607 1416 τοῦ
635 1351 777 1416 πιτύων
808 1353 863 1438 τήν
892 1352 1099 1440 άναστροῳήν
1127 1353 1363 1436 εδεπίγνωστος

208 1462 262 1523 καί
283 1457 364 1540 τάχα
386 1469 450 1536 τοϊς
471 1461 549 1524 νοῦν
570 1458 695 1540 ἔχουσιν
714 1457 835 1545 εὐήθης
856 1463 981 1547 γένηται
1004 1461 1096 1546 ήδιά
1118 1463 1228 1528 τούτου
1247 1462 1364 1527 ἐπικε-

207 1569 373 1654 χειρημένη
395 1573 522 1654 αίρεσις.
568 1563 668 1643 Οὗτος
689 1567 902 1655 ἐμαρτύρησεν
922 1568 976 1633 ἐπέ
994 1569 1197 1636 Φουσκιανοῦ
1210 1569 1360 1657 ύπάρχου

153 1721 161 1740 .
210 1676 299 1751 ὄντος
313 1673 452 1762 Ῥάμης·
486 1672 563 1739 όδέ
585 1673 702 1759 τρόπος
722 1679 776 1761 τής
797 1673 895 1740 aaron
916 1680 1091 1763 μαρτυρίας
1112 1676 1234 1743 τοιόσδε
1256 1675 1339 1764 ήν·Ι

175 1805 205 1854 σε
299 1783 350 1851 12.
394 1785 522 1870 Οἰκέτης
551 1783 699 1865 ἐτύγχανε
730 1783 952 1871 Καρποῳύρυυ
981 1784 1065 1860 τινός
1092 1783 1212 1870 άνδρδς
1227 1788 1360 1850 ιντιστού

209 1892 299 1967 ὄντος
321 1891 356 1956 ἐκ
378 1895 430 1977 τής
453 1893 614 1974 Καίσαρος
635 1891 748 1966 οέκίας.
802 1889 913 1977 Τούτῳ
942 1888 960 1955 δ
985 1892 1211 1978 Καρποφόρυς,
1234 1890 1289 1956 άτε
1312 1891 1357 1977 δή

210 1999 253 2076 άς
281 2003 398 2088 πιστῷ,
435 2001 541 2085 χρῆμα
570 1997 630 2064 ούκ
659 1996 769 2079 δλίγον
801 2000 1053 2076 κατεπίστενσεν,
1086 1997 1360 2084 ἐπαγγειλάμενος

210 2106 322 2194 κέρδος
341 2110 522 2192 προσοίσειν
543 2105 578 2170 ἐκ
601 2109 819 2192 πραγματείας
839 2105 1067 2192 τραπεζιτικής·
1087 2107 1123 2182 δς
1144 2105 1254 2190 λαβὼν
1274 2105 1358 2192 τρά-

209 2215 309 2292 πεζαν
328 2215 525 2302 ἐπεχείρησεν
552 2213 589 2278 ἐν
617 2217 653 2306 τή
686 2212 837 2305 λεγομένη
866 2217 994 2305 πισκινή
1023 2212 1204 2306 πυυπλική,
1241 2209 1268 2303 ᾦ
1294 2211 1358 2280 σόει

192 2322 316 2405 ίδλίγαι
337 2326 531 2408 παραθήκαι
552 2326 595 2408 τῷ
611 2321 716 2410 χρόνῳ
734 2321 968 2408 ἐπιστεύθησαν
987 2321 1051 2386 ύιτδ
1062 2327 1172 2410 ’χηρῶν
1186 2328 1240 2386 καλ
1256 2320 1357 2386 ἀδελ

209 2435 283 2518 φάν
303 2431 499 2517 προσχήματι
519 2433 574 2494 τοῦ
595 2429 824 2517 Καρποφόρου.
862 2427 899 2492 ‘0
915 2427 950 2492 δέ
967 2428 1169 2514 ἐξαφανίσας
1188 2433 1227 2494 τά
1245 2429 1354 2496 πάντα

208 2538 330 2627 ήπόρει.
383 2535 432 2604 Ού
461 2544 560 2603 ταῦτα
586 2538 782 2624 πράξαντος,
812 2535 870 2602 υύκ
902 2535 1010 2601 ἔλιπεν
1038 2537 1074 2614 ὅς
1104 2536 1280 2628 άπαγγείλη
1309 2539 1355 2624 τῷ

211 2643 433 2735 Καρποφόρῳ·
464 2645 481 2710 ό
506 2644 541 2710 δὲ
571 2645 633 2731 ἔφη
660 2642 807 2709 ἀπαιτεῖν
835 2642 949 2723 λόγους
974 2642 1050 2730 παρ’
1079 2643 1187 2735 αὐτοῦ.
1242 2649 1354 2710 Ταῦτα

188 2753 385 2822 σσυνιδάνό
410 2752 586 2829 Κάλλιστος
607 2757 660 2816 καί
682 2753 737 2816 τόν
759 2743 849 2835 παρὰ
866 2755 921 2815 τοῦ
936 2749 1089 2816 δεσπότου
1105 2751 1254 2816 κίνδυνον
1266 2749 1353 2835 όφυ-

209 2862 363 2948 ροίμενυς,
399 2860 528 2946 άπέδρα
559 2862 614 2947 τήν
643 2862 747 2945 φυγήν
776 2859 854 2922 κατά
879 2857 1055 2924 θάλασσαν
1076 2861 1282 2943 ποιούμενος·
1313 2859 1353 2934 δς

208 2969 310 3056 εὑρών
331 2970 447 3036 πλοῐυν
469 2971 504 3034 ἐν
521 2974 564 3056 τῳ
579 2967 692 3055 Πόρτῳ
714 2971 839 3051 ἕτοιμον
860 2966 941 3050 πρὸς
962 2966 1141 3052 άναγιιγήν,
1165 2967 1248 3034 ὅπου
1262 2967 1352 3045 ἐτύγ-

209 3102 286 3163 χανε
307 3080 418 3158 πλέον,
442 3077 540 3162 α’νέβη
563 3077 782 3158 πλευσόμενυς.
831 3073 919 3137 Ἀλλ’
940 3072 1016 3139 τόδὲ
1038 3075 1136 3150 οὕτως
1158 3074 1277 3139 λαθεέν
1298 3072 1353 3137 δε-

210 3186 360 3275 δύνηται·
384 3186 423 3251 οδ
444 3187 505 3270 γάρ
528 3183 636 3248 ἔλιπεν
658 3184 692 3258 ός
715 3181 892 3271 άπαγγείλη
914 3187 957 3268 τῷ
980 3179 1188 3268 Καρποφόρῳ
1208 3182 1243 3246 τό
1263 3203 1351 3261 γεγε-

173 3299 355 3383 ιονημένον.
393 3293 429 3357 Ὁ
444 3292 480 3357 δὲ
499 3291 628 3368 ἐπιστάς
643 3293 723 3355 κατά
741 3291 796 3355 τόν
810 3289 924 3373 λιμένα
946 3291 1093 3374 ἐπειρᾶτο
1110 3291 1163 3354 ἐπί
1183 3291 1218 3355 τό
1238 3290 1354 3355 πλοῖον

209 3405 314 3489 ὁρμάν
335 3402 413 3466 κατά
445 3401 509 3488 [τά]
533 3401 753 3486 μεμηνυμένα·
783 3402 873 3462 τοῦτο
903 3397 939 3461 δέ
968 3395 1008 3482 ήν
1037 3397 1124 3473 ἑστός
1144 3398 1180 3462 ἐν
1201 3401 1286 3484 μέσῳ
1308 3403 1352 3483 τηῖ

209 3509 320 3595 λιμένι.
369 3515 435 3575 Τοῦ
448 3509 483 3573 δὲ
500 3510 674 3596 πορθμέως
687 3506 920 3592 βραδύνοντος,
944 3505 1024 3569 ἐδιδν
1037 3507 1210 3592 πόρρωθεν
1226 3503 1244 3570 ὁ
1265 3506 1351 3570 Κάλ-

207 3618 310 3694 λιστος
330 3618 384 3683 τόν
407 3617 579 3703 δεσπότην,
609 3619 654 3680 σίν
676 3615 776 3701 ἐντῷ
799 3613 900 3700 πλοίῳ
923 3618 976 3676 καὶ
997 3614 1092 3692 γνούς
1114 3613 1228 3680 ἑαυτὸν
1249 3631 1352 3680 συνει-

262 3851 307 3906 86.
323 3845 517 3921 ἐλλὲγχονπςίῖ
606 3848 651 3902 88.
664 3843 837 3918 παραρίανίῖ
919 3845 963 3899 89.
984 3841 1232 3916 λνύομοιχυδνταῦ
1305 3845 1348 3898 92.

205 3943 273 4015 τάχα
291 3975 326 3986 -
344 3941 439 4008 εύηθής
464 3939 621 3994 Βυοεοοίιιε
641 3938 888 3995 Wordrnorthium
908 3947 1033 3993 secutur:
1055 3942 1145 4009 ταχεῖα
1164 3969 1200 3984 -·
1217 3936 1296 4003 εύθῆς
1314 3934 1350 3992 C:

206 4039 297 4107 ταχεῖα
315 4067 350 4080 -
367 4033 447 4094 εὐθύς
465 4030 494 4087 Μ
568 4033 669 4087 9293.
688 4028 948 4103 ίπικεχειρημέναιῦ
1042 4025 1350 4104 99.πισκινήπουπλικῇ]

206 4130 311 4200 πισκίνη
323 4128 418 4181 πουπί.
438 4142 513 4197 τυιρ.
537 4123 674 4196 Sauppius
704 4156 736 4165 -
764 4121 806 4178 Cs.
819 4121 917 4177 Fertur
931 4139 985 4176 ε.τ.
1002 4121 1045 4176 εδ.
1059 4120 1237 4178 Lindemann.
1250 4140 1277 4194 ρ.
1287 4123 1349 4185 ί98ι

207 4221 250 4275 ed.
268 4217 378 4274 ΜΐιΙΙετ.
397 4237 424 4290 p.
444 4219 506 4273 21³.
538 4214 648 4272 Pirrinr
669 4215 778 4288 publica
805 4224 864 4270 εττῑ
890 4215 967 4287 regio
990 4214 1065 4268 urbis
1085 4211 1138 4268 ΧΙΙ
1166 4215 1237 4269 inter
1255 4213 1351 4270 Ατεο-

206 4313 292 4367 tinum
317 4320 345 4366 et
364 4309 489 4366 Coriiurn
509 4311 570 4365 ιίῑι.
608 4307 649 4364 Cf.
663 4308 748 4363 ΝΑ.
762 4307 869 4364 Becker
882 4313 954 4364 Βσιιι.
973 4310 1074 4378 Αιιάηη.
1088 4305 1108 4361 Ι.
1128 4326 1154 4379 p.
1169 4309 1221 4363 ⁶²0
1242 4309 1350 4363 01715·

206 4407 232 4458 2.
252 4400 461 4474 ίξαηιανήσαςῦ
612 4404 638 4457 3.
663 4398 760 4476 ἔλιπεν]
785 4405 887 4458 ἔλειπεν
904 4399 940 4467 C,
965 4402 1014 4455 εσδ
1039 4403 1127 4456 ἐλιπεν
1153 4401 1194 4454 bir
1213 4400 1283 4455 infr·
1304 4401 1350 4454 lin.

206 4499 222 4551 9
243 4505 271 4550 et
288 4497 333 4550 ³7.
353 4493 396 4550 M:
416 4515 466 4549 ιιοιι
487 4498 580 4563 defuit,
602 4495 718 4566 flagrans
738 4493 911 4558 λεύοίιιουε,
930 4493 976 4567 qui
995 4493 1038 4548 hir
1057 4493 1175 4548 recurrit
1187 4493 1214 4548 in
1230 4494 1351 4564 proxime
