3052 4984
172 271 236 338 382
293 267 412 355 (pecs.
427 269 509 354 τιο.)
603 270 699 330 utuun
721 272 778 350 vu,
801 277 853 335 τε.
876 279 927 334 τε.

171 438 310 526 Χρισιδν
333 438 387 504 ini
407 439 575 505 καταλύσει
596 445 652 506 τοῦ
673 444 736 507 cciv
754 439 919 506 Ἰουδαίων
951 440 1034 502 θεοῦ
1066 439 1121 499 καί
1141 434 1195 498 ἐπὶ
1218 457 1318 518 σωτη-

135 550 228 632 οορίᾳ
250 549 313 610 τιῦν
334 549 541 630 πειθομένων
563 547 665 635 αύτῷ·
695 550 778 613 είναι
807 546 843 611 δέ
870 545 1000 620 τούτους
1020 542 1093 618 τοδς
1113 543 1243 623 ἔχοντας
1263 541 1318 604 τὸν

173 656 340 739 σπινθῆρα
361 658 414 740 τῆς
436 652 515 741 ζωῆς
534 655 571 720 έν
592 653 709 731 αὐτοῖς.
753 653 820 720 Δύο
842 654 903 740 γάρ
925 655 999 738 γένη
1030 653 1094 715 τῶν
1128 646 1318 734 δνθράπων

172 758 236 826 δπδ
257 765 320 826 τῶν
342 760 486 842 άγγέλων
507 761 699 828 πεπλάσθαι
714 761 796 848 ἔφη,
820 763 854 826 τδ
875 765 936 844 μὲν
957 756 1110 845 πονηράν,
1125 757 1159 822 τδ
1177 756 1214 820 δὲ
1232 754 1317 835 άχα-

172 865 249 944 θάν,
273 871 327 930 καί
348 865 459 951 έπειδῆ
479 865 511 930 ci
533 865 682 950 δαίμονες
701 878 767 942 τοῖς
788 875 940 953 πονηρυίς
961 865 1137 950 ἐβοήθουν,
1160 859 1318 948 ἐληλυθέ-

172 995 227 1040 ναι
257 975 312 1038 τδν
342 977 466 1060 σωτῆρα
494 974 549 1040 ἐπὶ
581 974 750 1040 καταλύσει
782 979 845 1040 τιῦν
876 971 1014 1059 φαύλων
1042 969 1234 1058 άνθριύπων
1264 972 1319 1033 καί

135 1093 165 1142 70
173 1079 356 1165 δαιμόνων,
383 1080 438 1146 tini
464 1085 600 1168 σωτηρίᾳ
629 1080 665 1145 δὲ
693 1086 756 1146 τιῦν
778 1079 927 1162 άγαθιόν.
986 1078 1032 1143 Tu
1060 1077 1096 1142 δέ
1120 1087 1235 1161 γαμεῖν
1263 1080 1318 1140 καλ

172 1194 289 1269 γεννᾶν
311 1185 378 1252 άπδ
400 1191 456 1252 τοῦ
479 1191 602 1253 σατανά
632 1205 729 1274 φησιν
757 1189 859 1253 είναι·
893 1185 925 1251 ci
952 1185 1081 1262 πλείους
1112 1209 1144 1250 τε
1176 1187 1239 1249 τάν
1261 1181 1318 1248 α’τδ

171 1295 294 1361 ἐκείνου
316 1299 371 1360 καί
390 1294 548 1382 ἐμψύχων
570 1294 761 1378 ἀπέχονται,
796 1294 852 1360 διδ
878 1298 931 1380 τῆς
957 1291 1172 1381 πρυσποιήτου
1205 1290 1318 1377 ταύτης

172 1402 426 1489 ἐγκρατείας
448 1403 504 1478 τδς
525 1402 561 1466 δὲ
583 1406 778 1489 προφητείας
799 1402 840 1477 άς
860 1406 920 1484 μὲν
941 1400 1009 1466 δπδ
1031 1405 1094 1465 τῶν
1115 1403 1319 1483 κοσμοποιεῖν

173 1511 317 1593 άγγέλων
337 1510 557 1597 λελαλῆσθαι,
589 1511 629 1586 άς
647 1510 653 1598 Ι
672 1509 708 1574 δέ
731 1508 801 1574 άπδ
829 1513 884 1574 τοῦ
906 1511 1046 1586 σατανά,
1069 1508 1108 1572 δν
1136 1511 1191 1570 κοιλ
1219 1505 1318 1570 αδτδν

136 1619 309 1700 ίῡάγγελον
330 1618 577 1703 ἀντιπράττοντα
606 1628 669 1692 τοίς
689 1627 850 1699 κοσμικαῖς
871 1612 1028 1692 ὑπέθετο,
1054 1614 1192 1698 μάλιστα
1216 1613 1252 1678 δὲ
1273 1613 1317 1700 τῷ

172 1732 235 1794 τῶν
251 1726 416 1792 Ἰουδαίων
438 1730 518 1813 θεῷ.
566 1729 676 1790 Ταῦτα
696 1729 757 1808 μὲν
779 1721 837 1788 οῦν
856 1722 874 1788 δ
897 1721 1117 1807 Σατορνετλος.

259 1836 310 1900 29.
356 1836 518 1920 Μαρκίων
539 1831 576 1896 δὲ
589 1831 606 1896 ci
621 1834 776 1907 Ποντικὸς
798 1830 882 1896 πολύ
899 1829 1017 1896 τούτων
1035 1830 1256 1916 μανικάτερος,
1278 1825 1318 1892 τά

172 1941 278 2007 πολλὰ
299 1945 363 2006 τῶν
384 1939 545 2006 πλειόνων
565 1939 870 2025 παραπεμψάμενος
890 1938 945 2003 ἐπὶ
966 1939 1000 2002 τύ
1022 1936 1248 2021 α’ναιδέστερον
1261 1934 1319 2021 ύρ-

171 2049 275 2135 μήσας
296 2047 357 2114 δύο
379 2047 481 2135 άρχάς
502 2053 556 2112 τοῦ
578 2048 698 2123 παντὸς
719 2045 878 2124 ὑπέθετο,
902 2044 1035 2126 άχαθόν
1056 2067 1127 2110 τινα
1149 2045 1250 2126 λέγων
1262 2047 1317 2108 καλ

135 2157 227 2222 usuc
249 2160 354 2242 ἕτερον
375 2156 532 2240 πονηράν·
553 2160 608 2218 καὶ
630 2154 725 2230 αὐτὸς
747 2154 783 2220 δὲ
804 2153 941 2238 νομίζων
961 2153 1076 2220 καινάν
1104 2179 1133 2219 τι
1161 2170 1318 2242 παρεισα-

172 2275 282 2346 γαγεῖν
304 2262 420 2350 σχολὴν
441 2263 610 2328 ἐσκεύασεν
631 2262 790 2338 άπονοίας
818 2265 979 2347 γέμουσαν
1008 2267 1062 2326 καλ
1084 2265 1212 2326 κυνικοῦ
1234 2263 1316 2342 βίου,

172 2373 219 2437 ὥν
239 2395 284 2447 τις
303 2371 452 2456 μάχιμος.
498 2367 598 2446 Ούτος
619 2371 756 2455 νομίζων
777 2369 934 2456 λήσεσθαι
953 2370 1026 2445 τοῦς
1046 2368 1194 2450 πολλούς,
1211 2368 1258 2434 ὅτι
1271 2372 1317 2454 μη

171 2483 310 2566 Χριστοῦ
332 2479 479 2560 τυγχάνοι
500 2479 647 2566 μαθητὴς
668 2477 739 2542 ἀλλ’
757 2477 1006 2562 Ἐμπεδοκλέους
1027 2477 1111 2543 πολύ
1132 2477 1218 2564 αύτῷ
1235 2499 1317 2564 προ-

170 2590 350 2672 γενεστέρου
371 2588 597 2668 τυγχάνοντος,
625 2584 723 2650 ταῦτά
746 2584 857 2672 ὁρίσας
876 2585 1061 2670 ἐδογμάτισε
1083 2584 1142 2650 δύο
1173 2584 1316 2650 εἶναιτὰ

135 2707 165 2756 ευ
173 2701 227 2760 τοῦ
249 2696 369 2771 παντὸς
390 2697 494 2772 αἴτια,
524 2705 626 2770 νείκας
643 2697 702 2764 καί
723 2693 844 2779 φιλίαν.
904 2696 945 2757 Τί
963 2691 1024 2780 γὰρ
1047 2697 1144 2780 φησίν
1165 2691 1183 2756 δ
1203 2691 1317 2776 Ἐμπε-

173 2961 345 3025 dissoivere
373 2957 525 3024 voluerint
555 2963 672 3041 patrem
705 2959 770 3022 eius
800 2976 909 3021 omnes
941 2959 1115 3042 principes,
1152 2957 1316 3021 advenisse

173 3067 323 3131 Christum
349 3066 388 3129 ud
409 3067 650 3130 destructionem
673 3064 856 3130 ludaeorum
885 3067 936 3130 dei
965 3074 996 3129 et
1025 3065 1063 3130 ού
1088 3065 1216 3129 sulutem
1240 3083 1314 3129 cre-

173 3172 307 3236 dentium
334 3171 378 3250 ei;
400 3191 471 3237 esse
494 3181 595 3236 entem
618 3172 694 3256 hos,
726 3173 777 3254 qui
804 3171 918 3236 iubent
939 3173 1099 3237 scintillam
1121 3174 1204 3238 vitee
1237 3175 1312 3237 eius.

171 3280 238 3342 Duo
261 3281 342 3342 enim
370 3298 487 3363 genere
520 3278 570 3342 hic
600 3281 714 3362 primus
747 3279 902 3342 hominum
926 3279 1072 3361 plasmate
1096 3297 1167 3346 esse
1193 3279 1230 3344 sb
1254 3299 1314 3344 an-

171 3387 249 3470 gelis
284 3385 372 3471 dixit,
408 3387 533 3450 alterurn
565 3386 687 3468 quidem
720 3405 866 3472 nequem,
901 3388 1027 3451 alterum
1057 3395 1158 3452 cutem
1188 3388 1313 3452 bonum.

170 3495 209 3558 Et
230 3497 373 3576 quoniam
396 3494 563 3558 daemones
592 3497 743 3576 pessimos
773 3495 935 3578 adiuvent,
977 3497 1100 3560 venisse
1130 3495 1314 3560 salvatorem

171 3601 208 3666 οδ
231 3602 463 3666 dissolutionem
487 3601 634 3666 melorum
658 3601 813 3667 hominurn
837 3612 868 3667 et
891 3603 1141 3687 daemoniorum,
1169 3601 1208 3667 cd
1230 3602 1314 3666 sciu-

195 3891 197 3894 ·
243 3865 287 3920 65.
307 3864 411 3927 τούτους
428 3863 496 3940 τοὺς]
515 3865 619 3927 τούτους
638 3863 659 3920 C
678 3863 707 3920 Μ
828 3867 872 3921 67.
892 3866 918 3920 τὸ
934 3865 985 3939 μίν
1002 3899 1038 3911 -
1056 3865 1083 3920 ri
1101 3863 1140 3942 δι’]
1160 3866 1205 3920 τὸν
1221 3865 1315 3929 μίκ-

170 3957 215 4012 τδν
232 3957 260 4011 δι’
280 3955 301 4012 C
318 3955 348 4010 M
456 3959 500 4012 69.
520 3954 738 4012 ίπικαταίύσειί]
846 3959 891 4013 tt.
916 3960 999 4031 χινᾶν
1025 3956 1046 4013 C
1156 3962 1262 4020 πλείους
1278 3954 1313 4033 τε]

170 4053 276 4112 πλείους
307 4051 335 4104 δέ
359 4049 535 4128 scribendum
560 4059 657 4104 censet
674 4047 718 4114 M,
742 4051 789 4122 qui
814 4051 896 4106 verba
920 4054 948 4105 οί
973 4054 1079 4112 πλείους
1103 4085 1140 4096 -
1165 4054 1316 4123 ίγτρατείας

171 4140 274 4198 lunulis
291 4141 403 4197 inclusit
516 4143 560 4196 72.
580 4142 648 4214 πρὸς
662 4141 803 4208 ποιητοδῦ
918 4145 961 4199 73.
982 4141 1048 4197 Post
1065 4145 1217 4216 ἐγκρατείας
1231 4143 1315 4198 lucu-

173 4253 234 4288 nsnn
255 4235 436 4306 signavimus3
463 4233 588 4287 videntur
607 4234 742 4290 excidisse
760 4236 843 4291 verbu
862 4238 1011 4299 πλανῶντες
1029 4235 1158 4295 nuituis:
1183 4233 1248 4290 ὅθεν
1270 4236 1316 4288 καί

173 4328 199 4380 ct
223 4330 327 4390 πλείους
353 4327 441 4382 αὐτῶν
462 4325 594 4400 ίμψύχων
619 4325 778 4399 ἀπέχονται,
803 4328 877 4392 ὅπως
902 4331 948 4386 διὰ
971 4333 1013 4398 τῆς
1034 4329 1209 4400 πρυσποιηῐῆς
1234 4327 1315 4393 δἠθει

171 4418 301 4477 πολιτείας
319 4416 405 4472 αὐτῶν
422 4437 495 4479 τινας
512 4417 699 4493 ἐπαγάγωνται
716 4421 752 4480 είς
769 4421 813 4489 τὴν
831 4420 916 4476 circis
939 4422 1040 4494 ἀπάτην
1061 4416 1232 4491 Epiphanius
1258 4417 1277 4472 Ι.
1296 4418 1315 4472 l.
