<?xml version="1.0" encoding="UTF-8"?>
<!DOCTYPE html PUBLIC "-//W3C//DTD XHTML 1.0 Transitional//EN"
    "http://www.w3.org/TR/xhtml1/DTD/xhtml1-transitional.dtd">
<html xmlns="http://www.w3.org/1999/xhtml" xml:lang="en" lang="en">
 <head>
  <title>
</title>
<meta http-equiv="Content-Type" content="text/html;charset=utf-8" />
  <meta name='ocr-system' content='tesseract 3.04.00' />
  <meta name='ocr-capabilities' content='ocr_page ocr_carea ocr_par ocr_line ocrx_word'/>
</head>
<body>
  <div class='ocr_page' id='page_1' title='image "./refutationisomn00hippgoog_0390.png"; bbox 0 0 3050 4988; ppageno 0'>
   <div class='ocr_carea' id='block_1_1' title="bbox 632 351 1293 417">
    <p class='ocr_par' dir='ltr' id='par_1_1' title="bbox 632 351 1293 417">
     <span class='ocr_line' id='line_1_1' title="bbox 632 351 1293 417; baseline 0.005 -6"><span class='ocrx_word' id='word_1_1' title='bbox 632 354 817 417; x_wconf 76' lang='lat' dir='ltr'><strong>castulone.</strong></span> <span class='ocrx_word' id='word_1_2' title='bbox 1230 351 1293 416; x_wconf 81' lang='grc'><strong>377</strong></span> 
     </span>
    </p>
   </div>
   <div class='ocr_carea' id='block_1_2' title="bbox 120 519 1338 2876">
    <p class='ocr_par' dir='ltr' id='par_1_2' title="bbox 120 519 1338 2876">
     <span class='ocr_line' id='line_1_2' title="bbox 147 519 1331 605; baseline 0.002 -21"><span class='ocrx_word' id='word_1_3' title='bbox 147 519 220 605; x_wconf 83' lang='lat' dir='ltr'><strong>due,</strong></span> <span class='ocrx_word' id='word_1_4' title='bbox 244 526 394 602; x_wconf 76' lang='lat' dir='ltr'><strong>quotquot</strong></span> <span class='ocrx_word' id='word_1_5' title='bbox 415 520 458 583; x_wconf 87' lang='lat' dir='ltr'><strong>ita</strong></span> <span class='ocrx_word' id='word_1_6' title='bbox 481 529 677 603; x_wconf 76' lang='lat' dir='ltr'><strong>comparatae</strong></span> <span class='ocrx_word' id='word_1_7' title='bbox 699 530 788 605; x_wconf 88' lang='lat' dir='ltr'><strong>sunt,</strong></span> <span class='ocrx_word' id='word_1_8' title='bbox 817 530 850 588; x_wconf 92' lang='lat' dir='ltr'><strong>ut</strong></span> <span class='ocrx_word' id='word_1_9' title='bbox 876 523 908 584; x_wconf 93' lang='lat' dir='ltr'><strong>in</strong></span> <span class='ocrx_word' id='word_1_10' title='bbox 932 521 992 585; x_wconf 91' lang='lat' dir='ltr'><strong>hoc</strong></span> <span class='ocrx_word' id='word_1_11' title='bbox 1014 521 1199 585; x_wconf 88' lang='lat' dir='ltr'><strong>immortales</strong></span> <span class='ocrx_word' id='word_1_12' title='bbox 1223 531 1331 586; x_wconf 63' lang='grc' dir='ltr'>ιιι-75</span> 
     </span>
     <span class='ocr_line' id='line_1_3' title="bbox 148 627 1292 714; baseline 0 -22"><span class='ocrx_word' id='word_1_13' title='bbox 148 636 244 692; x_wconf 89' lang='lat' dir='ltr'><strong>neant</strong></span> <span class='ocrx_word' id='word_1_14' title='bbox 264 629 349 713; x_wconf 88' lang='lat' dir='ltr'><strong>solo,</strong></span> <span class='ocrx_word' id='word_1_15' title='bbox 378 627 545 692; x_wconf 86' lang='lat' dir='ltr'><strong>manebunt</strong></span> <span class='ocrx_word' id='word_1_16' title='bbox 573 629 646 695; x_wconf 87' lang='lat' dir='ltr'>nihil</span> <span class='ocrx_word' id='word_1_17' title='bbox 673 631 898 714; x_wconf 72' lang='lat' dir='ltr'>intelligentes,</span> <span class='ocrx_word' id='word_1_18' title='bbox 932 628 1016 711; x_wconf 83' lang='lat' dir='ltr'><strong>quod</strong></span> <span class='ocrx_word' id='word_1_19' title='bbox 1049 627 1130 693; x_wconf 89' lang='lat' dir='ltr'><strong>huno</strong></span> <span class='ocrx_word' id='word_1_20' title='bbox 1162 629 1292 712; x_wconf 78' lang='lat' dir='ltr'><strong>gradum</strong></span> 
     </span>
     <span class='ocr_line' id='line_1_4' title="bbox 147 734 1292 820; baseline -0.001 -21"><span class='ocrx_word' id='word_1_21' title='bbox 147 743 291 817; x_wconf 89' lang='lat' dir='ltr'><strong>superet,</strong></span> <span class='ocrx_word' id='word_1_22' title='bbox 317 753 419 816; x_wconf 89' lang='lat' dir='ltr'><strong>neque</strong></span> <span class='ocrx_word' id='word_1_23' title='bbox 443 735 550 798; x_wconf 87' lang='lat' dir='ltr'><strong>melius</strong></span> <span class='ocrx_word' id='word_1_24' title='bbox 581 736 668 820; x_wconf 91' lang='lat' dir='ltr'><strong>quid,</strong></span> <span class='ocrx_word' id='word_1_25' title='bbox 697 745 728 801; x_wconf 92' lang='lat' dir='ltr'><strong>et</strong></span> <span class='ocrx_word' id='word_1_26' title='bbox 757 757 796 801; x_wconf 94' lang='lat' dir='ltr'><strong>ne</strong></span> <span class='ocrx_word' id='word_1_27' title='bbox 825 737 905 800; x_wconf 82' lang='lat' dir='ltr'><strong>lamo</strong></span> <span class='ocrx_word' id='word_1_28' title='bbox 933 734 1055 818; x_wconf 89' lang='lat' dir='ltr'><strong>quidem</strong></span> <span class='ocrx_word' id='word_1_29' title='bbox 1086 737 1143 800; x_wconf 90' lang='lat' dir='ltr'><strong>erit</strong></span> <span class='ocrx_word' id='word_1_30' title='bbox 1173 754 1292 812; x_wconf 88' lang='lat' dir='ltr'><strong>eorum,</strong></span> 
     </span>
     <span class='ocr_line' id='line_1_5' title="bbox 148 842 1293 926; baseline 0 -22"><span class='ocrx_word' id='word_1_31' title='bbox 148 859 229 923; x_wconf 89' lang='lat' dir='ltr'><strong>quae</strong></span> <span class='ocrx_word' id='word_1_32' title='bbox 253 842 464 926; x_wconf 86' lang='lat' dir='ltr'><strong>superiacent,</strong></span> <span class='ocrx_word' id='word_1_33' title='bbox 486 844 517 905; x_wconf 90' lang='lat' dir='ltr'><strong>io</strong></span> <span class='ocrx_word' id='word_1_34' title='bbox 541 844 595 917; x_wconf 90' lang='lat' dir='ltr'><strong>iis,</strong></span> <span class='ocrx_word' id='word_1_35' title='bbox 618 862 699 925; x_wconf 91' lang='lat' dir='ltr'><strong>quae</strong></span> <span class='ocrx_word' id='word_1_36' title='bbox 721 845 895 925; x_wconf 88' lang='lat' dir='ltr'><strong>subiacent,</strong></span> <span class='ocrx_word' id='word_1_37' title='bbox 919 862 979 906; x_wconf 88' lang='lat' dir='ltr'><strong>nec</strong></span> <span class='ocrx_word' id='word_1_38' title='bbox 1002 843 1149 925; x_wconf 74' lang='lat' dir='ltr'><strong>cognitio,</strong></span> <span class='ocrx_word' id='word_1_39' title='bbox 1174 859 1214 904; x_wconf 87' lang='lat' dir='ltr'><strong>ne</strong></span> <span class='ocrx_word' id='word_1_40' title='bbox 1232 843 1293 905; x_wconf 90' lang='lat' dir='ltr'><strong>im-</strong></span> 
     </span>
     <span class='ocr_line' id='line_1_6' title="bbox 149 948 1294 1032; baseline 0.001 -23"><span class='ocrx_word' id='word_1_41' title='bbox 149 948 305 1030; x_wconf 84' lang='lat' dir='ltr'><strong>possibilia</strong></span> <span class='ocrx_word' id='word_1_42' title='bbox 329 955 457 1013; x_wconf 78' lang='lat' dir='ltr'>aventes</span> <span class='ocrx_word' id='word_1_43' title='bbox 480 949 676 1014; x_wconf 87' lang='lat' dir='ltr'><strong>subiacentes</strong></span> <span class='ocrx_word' id='word_1_44' title='bbox 699 953 819 1014; x_wconf 90' lang='lat' dir='ltr'><strong>animae</strong></span> <span class='ocrx_word' id='word_1_45' title='bbox 848 951 1041 1032; x_wconf 77' lang='lat' dir='ltr'><strong>crucientur,</strong></span> <span class='ocrx_word' id='word_1_46' title='bbox 1078 948 1172 1013; x_wconf 85' lang='lat' dir='ltr'><strong>veluti</strong></span> <span class='ocrx_word' id='word_1_47' title='bbox 1201 949 1294 1030; x_wconf 90' lang='lat' dir='ltr'><strong>piscis</strong></span> 
     </span>
     <span class='ocr_line' id='line_1_7' title="bbox 148 1056 1331 1142; baseline 0.003 -25"><span class='ocrx_word' id='word_1_48' title='bbox 148 1056 178 1118; x_wconf 91' lang='lat' dir='ltr'><strong>in</strong></span> <span class='ocrx_word' id='word_1_49' title='bbox 202 1057 356 1129; x_wconf 88' lang='lat' dir='ltr'><strong>montibus</strong></span> <span class='ocrx_word' id='word_1_50' title='bbox 379 1057 508 1139; x_wconf 90' lang='lat' dir='ltr'><strong>cupiens</strong></span> <span class='ocrx_word' id='word_1_51' title='bbox 534 1077 602 1121; x_wconf 91' lang='lat' dir='ltr'><strong>oum</strong></span> <span class='ocrx_word' id='word_1_52' title='bbox 626 1058 734 1122; x_wconf 88' lang='lat' dir='ltr'><strong>ovibus</strong></span> <span class='ocrx_word' id='word_1_53' title='bbox 757 1061 855 1142; x_wconf 80' lang='lat' dir='ltr'><strong>pasci3</strong></span> <span class='ocrx_word' id='word_1_54' title='bbox 889 1057 971 1121; x_wconf 85' lang='lat' dir='ltr'><strong>soret</strong></span> <span class='ocrx_word' id='word_1_55' title='bbox 999 1058 1099 1140; x_wconf 88' lang='lat' dir='ltr'><strong>enim,</strong></span> <span class='ocrx_word' id='word_1_56' title='bbox 1122 1057 1235 1140; x_wconf 89' lang='lat' dir='ltr'><strong>inquit,</strong></span> <span class='ocrx_word' id='word_1_57' title='bbox 1258 1057 1331 1120; x_wconf 86' lang='lat' dir='ltr'><strong>lisso</strong></span> 
     </span>
     <span class='ocr_line' id='line_1_8' title="bbox 148 1162 1295 1250; baseline 0.002 -24"><span class='ocrx_word' id='word_1_58' title='bbox 148 1162 216 1226; x_wconf 85' lang='lat' dir='ltr'><strong>talis</strong></span> <span class='ocrx_word' id='word_1_59' title='bbox 242 1165 352 1246; x_wconf 93' lang='lat' dir='ltr'><strong>cupido</strong></span> <span class='ocrx_word' id='word_1_60' title='bbox 376 1167 540 1248; x_wconf 80' lang='lat' dir='ltr'><strong>pernicies.</strong></span> <span class='ocrx_word' id='word_1_61' title='bbox 593 1167 669 1232; x_wconf 89' lang='lat' dir='ltr'><strong>Sunt</strong></span> <span class='ocrx_word' id='word_1_62' title='bbox 702 1167 811 1250; x_wconf 83' lang='lat' dir='ltr'><strong>igitur,</strong></span> <span class='ocrx_word' id='word_1_63' title='bbox 841 1165 951 1249; x_wconf 91' lang='lat' dir='ltr'><strong>inquit,</strong></span> <span class='ocrx_word' id='word_1_64' title='bbox 981 1163 1161 1228; x_wconf 73' lang='lat' dir='ltr'><strong>immortalia</strong></span> <span class='ocrx_word' id='word_1_65' title='bbox 1184 1165 1295 1246; x_wconf 82' lang='lat' dir='ltr'><strong>omnia,</strong></span> 
     </span>
     <span class='ocr_line' id='line_1_9' title="bbox 150 1271 1297 1357; baseline -0.003 -23"><span class='ocrx_word' id='word_1_66' title='bbox 150 1290 230 1353; x_wconf 89' lang='lat' dir='ltr'><strong>quae</strong></span> <span class='ocrx_word' id='word_1_67' title='bbox 260 1274 290 1334; x_wconf 95' lang='lat' dir='ltr'><strong>in</strong></span> <span class='ocrx_word' id='word_1_68' title='bbox 324 1273 394 1337; x_wconf 91' lang='lat' dir='ltr'><strong>loco</strong></span> <span class='ocrx_word' id='word_1_69' title='bbox 426 1290 483 1338; x_wconf 88' lang='lat' dir='ltr'><strong>suo</strong></span> <span class='ocrx_word' id='word_1_70' title='bbox 514 1281 654 1357; x_wconf 87' lang='lat' dir='ltr'><strong>manent,</strong></span> <span class='ocrx_word' id='word_1_71' title='bbox 683 1273 822 1336; x_wconf 86' lang='lat' dir='ltr'><strong>mortalia</strong></span> <span class='ocrx_word' id='word_1_72' title='bbox 849 1290 940 1356; x_wconf 87' lang='lat' dir='ltr'><strong>vero,</strong></span> <span class='ocrx_word' id='word_1_73' title='bbox 971 1291 1038 1335; x_wconf 88' lang='lat' dir='ltr'><strong>cum</strong></span> <span class='ocrx_word' id='word_1_74' title='bbox 1067 1287 1107 1334; x_wconf 86' lang='lat' dir='ltr'><strong>cx</strong></span> <span class='ocrx_word' id='word_1_75' title='bbox 1137 1271 1188 1354; x_wconf 86' lang='lat' dir='ltr'><strong>iis,</strong></span> <span class='ocrx_word' id='word_1_76' title='bbox 1217 1287 1297 1352; x_wconf 88' lang='lat' dir='ltr'><strong>quae</strong></span> 
     </span>
     <span class='ocr_line' id='line_1_10' title="bbox 150 1376 1296 1466; baseline -0.003 -24"><span class='ocrx_word' id='word_1_77' title='bbox 150 1388 222 1444; x_wconf 89' lang='lat' dir='ltr'><strong>sunt</strong></span> <span class='ocrx_word' id='word_1_78' title='bbox 244 1379 413 1444; x_wconf 89' lang='lat' dir='ltr'><strong>secundum</strong></span> <span class='ocrx_word' id='word_1_79' title='bbox 437 1388 594 1466; x_wconf 88' lang='lat' dir='ltr'><strong>naturam,</strong></span> <span class='ocrx_word' id='word_1_80' title='bbox 621 1381 776 1444; x_wconf 90' lang='lat' dir='ltr'><strong>transilire</strong></span> <span class='ocrx_word' id='word_1_81' title='bbox 805 1389 834 1443; x_wconf 88' lang='lat' dir='ltr'><strong>et</strong></span> <span class='ocrx_word' id='word_1_82' title='bbox 857 1379 983 1463; x_wconf 81' lang='lat' dir='ltr'><strong>evagari</strong></span> <span class='ocrx_word' id='word_1_83' title='bbox 1006 1377 1120 1442; x_wconf 88' lang='lat' dir='ltr'><strong>volent.</strong></span> <span class='ocrx_word' id='word_1_84' title='bbox 1174 1376 1218 1440; x_wconf 87' lang='lat' dir='ltr'><strong>lta</strong></span> <span class='ocrx_word' id='word_1_85' title='bbox 1241 1394 1296 1439; x_wconf 85' lang='lat' dir='ltr'><strong>ar-</strong></span> 
     </span>
     <span class='ocr_line' id='line_1_11' title="bbox 150 1484 1296 1573; baseline -0.002 -24"><span class='ocrx_word' id='word_1_86' title='bbox 150 1485 233 1550; x_wconf 86' lang='lat' dir='ltr'><strong>chon</strong></span> <span class='ocrx_word' id='word_1_87' title='bbox 256 1485 457 1550; x_wconf 89' lang='lat' dir='ltr'><strong>hebdomadis</strong></span> <span class='ocrx_word' id='word_1_88' title='bbox 480 1487 552 1550; x_wconf 90' lang='lat' dir='ltr'><strong>nihil</strong></span> <span class='ocrx_word' id='word_1_89' title='bbox 574 1487 725 1573; x_wconf 81' lang='lat' dir='ltr'><strong>intelliget</strong></span> <span class='ocrx_word' id='word_1_90' title='bbox 751 1506 858 1552; x_wconf 89' lang='lat' dir='ltr'><strong>eorum</strong></span> <span class='ocrx_word' id='word_1_91' title='bbox 892 1505 971 1569; x_wconf 90' lang='lat' dir='ltr'><strong>quae</strong></span> <span class='ocrx_word' id='word_1_92' title='bbox 1000 1488 1211 1568; x_wconf 88' lang='lat' dir='ltr'><strong>superiacent;</strong></span> <span class='ocrx_word' id='word_1_93' title='bbox 1235 1484 1296 1548; x_wconf 86' lang='lat' dir='ltr'><strong>de-</strong></span> 
     </span>
     <span class='ocr_line' id='line_1_12' title="bbox 151 1592 1334 1680; baseline -0.002 -25"><span class='ocrx_word' id='word_1_94' title='bbox 151 1592 326 1675; x_wconf 88' lang='lat' dir='ltr'><strong>prehendet</strong></span> <span class='ocrx_word' id='word_1_95' title='bbox 348 1595 428 1657; x_wconf 90' lang='lat' dir='ltr'><strong>enim</strong></span> <span class='ocrx_word' id='word_1_96' title='bbox 451 1594 679 1677; x_wconf 89' lang='lat' dir='ltr'><strong>huncquoque</strong></span> <span class='ocrx_word' id='word_1_97' title='bbox 702 1614 813 1680; x_wconf 78' lang='lat' dir='ltr'><strong>magna</strong></span> <span class='ocrx_word' id='word_1_98' title='bbox 843 1596 901 1659; x_wconf 92' lang='lat' dir='ltr'><strong>ista</strong></span> <span class='ocrx_word' id='word_1_99' title='bbox 924 1595 1116 1680; x_wconf 82' lang='lat' dir='ltr'><strong>ignorantia,</strong></span> <span class='ocrx_word' id='word_1_100' title='bbox 1146 1601 1179 1656; x_wconf 91' lang='lat' dir='ltr'><strong>ut</strong></span> <span class='ocrx_word' id='word_1_101' title='bbox 1209 1592 1334 1658; x_wconf 81' lang='lat' dir='ltr'><strong>desi-as</strong></span> 
     </span>
     <span class='ocr_line' id='line_1_13' title="bbox 150 1699 1298 1787; baseline -0.002 -23"><span class='ocrx_word' id='word_1_102' title='bbox 150 1706 210 1764; x_wconf 89' lang='lat' dir='ltr'><strong>stat</strong></span> <span class='ocrx_word' id='word_1_103' title='bbox 232 1701 269 1764; x_wconf 91' lang='lat' dir='ltr'><strong>ab</strong></span> <span class='ocrx_word' id='word_1_104' title='bbox 294 1717 333 1764; x_wconf 88' lang='lat' dir='ltr'><strong>eo</strong></span> <span class='ocrx_word' id='word_1_105' title='bbox 358 1719 480 1766; x_wconf 87' lang='lat' dir='ltr'><strong>maeror</strong></span> <span class='ocrx_word' id='word_1_106' title='bbox 503 1708 535 1764; x_wconf 91' lang='lat' dir='ltr'><strong>et</strong></span> <span class='ocrx_word' id='word_1_107' title='bbox 557 1701 647 1766; x_wconf 92' lang='lat' dir='ltr'><strong>dolor</strong></span> <span class='ocrx_word' id='word_1_108' title='bbox 670 1709 701 1764; x_wconf 89' lang='lat' dir='ltr'><strong>et</strong></span> <span class='ocrx_word' id='word_1_109' title='bbox 724 1703 869 1787; x_wconf 78' lang='lat' dir='ltr'><strong>gemitus3</strong></span> <span class='ocrx_word' id='word_1_110' title='bbox 902 1704 1100 1783; x_wconf 89' lang='lat' dir='ltr'><strong>concupiscet</strong></span> <span class='ocrx_word' id='word_1_111' title='bbox 1121 1702 1201 1764; x_wconf 88' lang='lat' dir='ltr'><strong>enirn</strong></span> <span class='ocrx_word' id='word_1_112' title='bbox 1225 1699 1298 1763; x_wconf 86' lang='lat' dir='ltr'><strong>nihil</strong></span> 
     </span>
     <span class='ocr_line' id='line_1_14' title="bbox 153 1807 1298 1890; baseline 0.001 -21"><span class='ocrx_word' id='word_1_113' title='bbox 153 1824 260 1870; x_wconf 87' lang='lat' dir='ltr'><strong>eorum</strong></span> <span class='ocrx_word' id='word_1_114' title='bbox 291 1825 371 1889; x_wconf 87' lang='lat' dir='ltr'><strong>quae</strong></span> <span class='ocrx_word' id='word_1_115' title='bbox 400 1815 471 1872; x_wconf 88' lang='lat' dir='ltr'><strong>sunt</strong></span> <span class='ocrx_word' id='word_1_116' title='bbox 496 1807 694 1890; x_wconf 87' lang='lat' dir='ltr'><strong>impossibilia</strong></span> <span class='ocrx_word' id='word_1_117' title='bbox 725 1828 785 1872; x_wconf 90' lang='lat' dir='ltr'><strong>nec</strong></span> <span class='ocrx_word' id='word_1_118' title='bbox 815 1810 942 1875; x_wconf 89' lang='lat' dir='ltr'><strong>dolebit.</strong></span> <span class='ocrx_word' id='word_1_119' title='bbox 999 1807 1167 1890; x_wconf 87' lang='lat' dir='ltr'><strong>Occupabit</strong></span> <span class='ocrx_word' id='word_1_120' title='bbox 1197 1815 1298 1872; x_wconf 91' lang='lat' dir='ltr'><strong>autem</strong></span> 
     </span>
     <span class='ocr_line' id='line_1_15' title="bbox 151 1916 1298 2000; baseline 0 -22"><span class='ocrx_word' id='word_1_121' title='bbox 151 1918 267 1997; x_wconf 86' lang='lat' dir='ltr'><strong>pariter</strong></span> <span class='ocrx_word' id='word_1_122' title='bbox 288 1923 320 1979; x_wconf 90' lang='lat' dir='ltr'><strong>et</strong></span> <span class='ocrx_word' id='word_1_123' title='bbox 342 1934 483 1999; x_wconf 80' lang='lat' dir='ltr'><strong>magnum</strong></span> <span class='ocrx_word' id='word_1_124' title='bbox 515 1916 696 1980; x_wconf 88' lang='lat' dir='ltr'><strong>archontem</strong></span> <span class='ocrx_word' id='word_1_125' title='bbox 727 1916 879 2000; x_wconf 83' lang='lat' dir='ltr'><strong>ogdoadis</strong></span> <span class='ocrx_word' id='word_1_126' title='bbox 908 1916 987 1982; x_wconf 89' lang='lat' dir='ltr'><strong>haec</strong></span> <span class='ocrx_word' id='word_1_127' title='bbox 1021 1917 1196 2000; x_wconf 79' lang='lat' dir='ltr'><strong>ignorantie</strong></span> <span class='ocrx_word' id='word_1_128' title='bbox 1229 1935 1298 1979; x_wconf 92' lang='lat' dir='ltr'><strong>om-</strong></span> 
     </span>
     <span class='ocr_line' id='line_1_16' title="bbox 153 2022 1298 2111; baseline 0.003 -27"><span class='ocrx_word' id='word_1_129' title='bbox 153 2039 271 2105; x_wconf 86' lang='lat' dir='ltr'><strong>nesque</strong></span> <span class='ocrx_word' id='word_1_130' title='bbox 293 2022 487 2088; x_wconf 85' lang='lat' dir='ltr'><strong>subiacentes</strong></span> <span class='ocrx_word' id='word_1_131' title='bbox 511 2024 540 2086; x_wconf 90' lang='lat' dir='ltr'><strong>ci</strong></span> <span class='ocrx_word' id='word_1_132' title='bbox 562 2033 719 2089; x_wconf 89' lang='lat' dir='ltr'><strong>creaturos</strong></span> <span class='ocrx_word' id='word_1_133' title='bbox 741 2024 891 2111; x_wconf 83' lang='lat' dir='ltr'><strong>similiter,</strong></span> <span class='ocrx_word' id='word_1_134' title='bbox 915 2033 948 2089; x_wconf 92' lang='lat' dir='ltr'><strong>ut</strong></span> <span class='ocrx_word' id='word_1_135' title='bbox 970 2025 1042 2089; x_wconf 85' lang='lat' dir='ltr'><strong>nihil</strong></span> <span class='ocrx_word' id='word_1_136' title='bbox 1065 2045 1082 2090; x_wconf 87' lang='lat' dir='ltr'><strong>e</strong></span> <span class='ocrx_word' id='word_1_137' title='bbox 1107 2025 1187 2088; x_wconf 90' lang='lat' dir='ltr'><strong>nulla</strong></span> <span class='ocrx_word' id='word_1_138' title='bbox 1211 2029 1298 2107; x_wconf 82' lang='lat' dir='ltr'><strong>parte</strong></span> 
     </span>
     <span class='ocr_line' id='line_1_17' title="bbox 154 2132 1338 2216; baseline 0.008 -24"><span class='ocrx_word' id='word_1_139' title='bbox 154 2133 354 2212; x_wconf 85' lang='lat' dir='ltr'><strong>concupiscat</strong></span> <span class='ocrx_word' id='word_1_140' title='bbox 374 2132 538 2214; x_wconf 84' lang='lat' dir='ltr'><strong>quidquam</strong></span> <span class='ocrx_word' id='word_1_141' title='bbox 562 2150 684 2216; x_wconf 89' lang='lat' dir='ltr'><strong>eorum,</strong></span> <span class='ocrx_word' id='word_1_142' title='bbox 707 2151 787 2214; x_wconf 90' lang='lat' dir='ltr'><strong>quae</strong></span> <span class='ocrx_word' id='word_1_143' title='bbox 809 2139 881 2196; x_wconf 91' lang='lat' dir='ltr'><strong>sunt</strong></span> <span class='ocrx_word' id='word_1_144' title='bbox 903 2141 1011 2198; x_wconf 86' lang='lat' dir='ltr'><strong>contra</strong></span> <span class='ocrx_word' id='word_1_145' title='bbox 1035 2140 1190 2215; x_wconf 87' lang='lat' dir='ltr'><strong>naturam,</strong></span> <span class='ocrx_word' id='word_1_146' title='bbox 1220 2149 1338 2202; x_wconf 82' lang='lat' dir='ltr'><strong>nevelo</strong></span> 
     </span>
     <span class='ocr_line' id='line_1_18' title="bbox 157 2237 1299 2323; baseline 0.002 -22"><span class='ocrx_word' id='word_1_147' title='bbox 157 2237 277 2317; x_wconf 84' lang='lat' dir='ltr'><strong>doleat;</strong></span> <span class='ocrx_word' id='word_1_148' title='bbox 300 2243 332 2300; x_wconf 87' lang='lat' dir='ltr'><strong>et</strong></span> <span class='ocrx_word' id='word_1_149' title='bbox 353 2241 395 2302; x_wconf 90' lang='lat' dir='ltr'><strong>ita</strong></span> <span class='ocrx_word' id='word_1_150' title='bbox 418 2240 569 2302; x_wconf 88' lang='lat' dir='ltr'><strong>restitutio</strong></span> <span class='ocrx_word' id='word_1_151' title='bbox 591 2241 648 2301; x_wconf 90' lang='lat' dir='ltr'><strong>erit</strong></span> <span class='ocrx_word' id='word_1_152' title='bbox 666 2241 810 2323; x_wconf 90' lang='lat' dir='ltr'><strong>omnium,</strong></span> <span class='ocrx_word' id='word_1_153' title='bbox 833 2259 913 2321; x_wconf 86' lang='lat' dir='ltr'><strong>quae</strong></span> <span class='ocrx_word' id='word_1_154' title='bbox 931 2245 1001 2304; x_wconf 88' lang='lat' dir='ltr'><strong>sunt</strong></span> <span class='ocrx_word' id='word_1_155' title='bbox 1017 2240 1186 2304; x_wconf 88' lang='lat' dir='ltr'><strong>secundum</strong></span> <span class='ocrx_word' id='word_1_156' title='bbox 1206 2248 1299 2303; x_wconf 88' lang='lat' dir='ltr'><strong>natu·</strong></span> 
     </span>
     <span class='ocr_line' id='line_1_19' title="bbox 151 2345 1299 2432; baseline 0.001 -24"><span class='ocrx_word' id='word_1_157' title='bbox 151 2363 221 2430; x_wconf 84' lang='lat' dir='ltr'><strong>rom</strong></span> <span class='ocrx_word' id='word_1_158' title='bbox 246 2345 371 2409; x_wconf 87' lang='lat' dir='ltr'><strong>lundata</strong></span> <span class='ocrx_word' id='word_1_159' title='bbox 394 2346 517 2429; x_wconf 90' lang='lat' dir='ltr'><strong>quidem</strong></span> <span class='ocrx_word' id='word_1_160' title='bbox 540 2349 570 2409; x_wconf 93' lang='lat' dir='ltr'><strong>in</strong></span> <span class='ocrx_word' id='word_1_161' title='bbox 595 2347 714 2412; x_wconf 87' lang='lat' dir='ltr'><strong>semine</strong></span> <span class='ocrx_word' id='word_1_162' title='bbox 738 2349 951 2411; x_wconf 86' lang='lat' dir='ltr'><strong>universorum</strong></span> <span class='ocrx_word' id='word_1_163' title='bbox 975 2348 1006 2409; x_wconf 95' lang='lat' dir='ltr'><strong>in</strong></span> <span class='ocrx_word' id='word_1_164' title='bbox 1028 2347 1196 2432; x_wconf 84' lang='lat' dir='ltr'><strong>principio,</strong></span> <span class='ocrx_word' id='word_1_165' title='bbox 1232 2349 1299 2409; x_wconf 90' lang='lat' dir='ltr'><strong>dis-</strong></span> 
     </span>
     <span class='ocr_line' id='line_1_20' title="bbox 154 2453 1300 2537; baseline 0 -19"><span class='ocrx_word' id='word_1_166' title='bbox 154 2456 254 2536; x_wconf 84' lang='lat' dir='ltr'><strong>posito</strong></span> <span class='ocrx_word' id='word_1_167' title='bbox 271 2461 372 2518; x_wconf 87' lang='lat' dir='ltr'><strong>eutem</strong></span> <span class='ocrx_word' id='word_1_168' title='bbox 386 2462 476 2517; x_wconf 91' lang='lat' dir='ltr'><strong>erunt</strong></span> <span class='ocrx_word' id='word_1_169' title='bbox 489 2453 679 2536; x_wconf 88' lang='lat' dir='ltr'><strong>temporibus</strong></span> <span class='ocrx_word' id='word_1_170' title='bbox 695 2456 769 2518; x_wconf 91' lang='lat' dir='ltr'><strong>suis.</strong></span> <span class='ocrx_word' id='word_1_171' title='bbox 814 2455 906 2519; x_wconf 87' lang='lat' dir='ltr'><strong>Suum</strong></span> <span class='ocrx_word' id='word_1_172' title='bbox 917 2461 1017 2518; x_wconf 90' lang='lat' dir='ltr'><strong>autern</strong></span> <span class='ocrx_word' id='word_1_173' title='bbox 1035 2455 1147 2537; x_wconf 89' lang='lat' dir='ltr'><strong>cuique</strong></span> <span class='ocrx_word' id='word_1_174' title='bbox 1165 2457 1211 2518; x_wconf 89' lang='lat' dir='ltr'><strong>rei</strong></span> <span class='ocrx_word' id='word_1_175' title='bbox 1229 2471 1300 2520; x_wconf 88' lang='lat' dir='ltr'><strong>esse</strong></span> 
     </span>
     <span class='ocr_line' id='line_1_21' title="bbox 156 2559 1299 2644; baseline -0.002 -19"><span class='ocrx_word' id='word_1_176' title='bbox 156 2567 289 2644; x_wconf 89' lang='lat' dir='ltr'><strong>tempus,</strong></span> <span class='ocrx_word' id='word_1_177' title='bbox 312 2562 429 2644; x_wconf 91' lang='lat' dir='ltr'><strong>inquit,</strong></span> <span class='ocrx_word' id='word_1_178' title='bbox 451 2559 584 2624; x_wconf 87' lang='lat' dir='ltr'><strong>idoneus</strong></span> <span class='ocrx_word' id='word_1_179' title='bbox 607 2561 694 2623; x_wconf 89' lang='lat' dir='ltr'><strong>testis</strong></span> <span class='ocrx_word' id='word_1_180' title='bbox 717 2561 852 2625; x_wconf 87' lang='lat' dir='ltr'><strong>salvator</strong></span> <span class='ocrx_word' id='word_1_181' title='bbox 875 2568 922 2625; x_wconf 88' lang='lat' dir='ltr'><strong>est</strong></span> <span class='ocrx_word' id='word_1_182' title='bbox 949 2580 1016 2624; x_wconf 91' lang='lat' dir='ltr'><strong>cum</strong></span> <span class='ocrx_word' id='word_1_183' title='bbox 1041 2561 1128 2624; x_wconf 87' lang='lat' dir='ltr'><strong>dicit:</strong></span> <span class='ocrx_word' id='word_1_184' title='bbox 1158 2562 1299 2626; x_wconf 85' lang='lat' dir='ltr'><strong>Nondum</strong></span> 
     </span>
     <span class='ocr_line' id='line_1_22' title="bbox 152 2667 1338 2753; baseline -0.001 -22"><span class='ocrx_word' id='word_1_185' title='bbox 152 2670 239 2732; x_wconf 80' lang='lat' dir='ltr'><strong>uenit</strong></span> <span class='ocrx_word' id='word_1_186' title='bbox 259 2668 339 2731; x_wconf 80' lang='lat' dir='ltr'><strong>loro</strong></span> <span class='ocrx_word' id='word_1_187' title='bbox 360 2686 446 2745; x_wconf 86' lang='lat' dir='ltr'><strong>meo,</strong></span> <span class='ocrx_word' id='word_1_188' title='bbox 471 2675 503 2730; x_wconf 89' lang='lat' dir='ltr'><strong>ct</strong></span> <span class='ocrx_word' id='word_1_189' title='bbox 525 2669 606 2751; x_wconf 77' lang='lat' dir='ltr'><strong>magi</strong></span> <span class='ocrx_word' id='word_1_190' title='bbox 629 2667 745 2731; x_wconf 88' lang='lat' dir='ltr'><strong>stellam</strong></span> <span class='ocrx_word' id='word_1_191' title='bbox 766 2669 952 2750; x_wconf 80' lang='lat' dir='ltr'><strong>conspicati3</strong></span> <span class='ocrx_word' id='word_1_192' title='bbox 981 2675 1046 2732; x_wconf 85' lang='lat' dir='ltr'><strong>erat</strong></span> <span class='ocrx_word' id='word_1_193' title='bbox 1074 2669 1171 2752; x_wconf 90' lang='lat' dir='ltr'><strong>enim,</strong></span> <span class='ocrx_word' id='word_1_194' title='bbox 1193 2669 1338 2753; x_wconf 70' lang='lat' dir='ltr'><strong>inquit‚05</strong></span> 
     </span>
     <span class='ocr_line' id='line_1_23' title="bbox 120 2771 1299 2876; baseline 0.001 -38"><span class='ocrx_word' id='word_1_195' title='bbox 120 2781 186 2839; x_wconf 82' lang='lat' dir='ltr'><strong>&#39;et</strong></span> <span class='ocrx_word' id='word_1_196' title='bbox 216 2777 283 2856; x_wconf 90' lang='lat' dir='ltr'><strong>ipse</strong></span> <span class='ocrx_word' id='word_1_197' title='bbox 317 2775 372 2839; x_wconf 89' lang='lat' dir='ltr'><strong>sub</strong></span> <span class='ocrx_word' id='word_1_198' title='bbox 404 2775 576 2876; x_wconf 72' lang='lat' dir='ltr'><strong>genituram</strong></span> <span class='ocrx_word' id='word_1_199' title='bbox 607 2771 762 2839; x_wconf 85' lang='lat' dir='ltr'><strong>stellarum</strong></span> <span class='ocrx_word' id='word_1_200' title='bbox 796 2783 826 2838; x_wconf 91' lang='lat' dir='ltr'><strong>et</strong></span> <span class='ocrx_word' id='word_1_201' title='bbox 853 2776 997 2840; x_wconf 89' lang='lat' dir='ltr'><strong>horarum</strong></span> <span class='ocrx_word' id='word_1_202' title='bbox 1028 2775 1239 2859; x_wconf 89' lang='lat' dir='ltr'><strong>dispositionis</strong></span> <span class='ocrx_word' id='word_1_203' title='bbox 1268 2778 1299 2840; x_wconf 96' lang='lat' dir='ltr'><strong>in</strong></span> 
     </span>
    </p>
   </div>
   <div class='ocr_carea' id='block_1_3' title="bbox 51 2883 1300 2982">
    <p class='ocr_par' dir='ltr' id='par_1_3' title="bbox 51 2883 1300 2982">
     <span class='ocr_line' id='line_1_24' title="bbox 51 2883 1300 2982; baseline 0.002 -37"><span class='ocrx_word' id='word_1_204' title='bbox 51 2961 59 2982; x_wconf 37' lang='lat'>¹</span> <span class='ocrx_word' id='word_1_205' title='bbox 155 2899 269 2966; x_wconf 81' lang='lat' dir='ltr'><strong>magno</strong></span> <span class='ocrx_word' id='word_1_206' title='bbox 294 2898 408 2946; x_wconf 88' lang='lat' dir='ltr'><strong>acervo</strong></span> <span class='ocrx_word' id='word_1_207' title='bbox 431 2883 552 2946; x_wconf 89' lang='lat' dir='ltr'><strong>ratione</strong></span> <span class='ocrx_word' id='word_1_208' title='bbox 576 2889 833 2965; x_wconf 83' lang='lat' dir='ltr'><strong>praeconceptus.</strong></span> <span class='ocrx_word' id='word_1_209' title='bbox 886 2884 941 2947; x_wconf 87' lang='lat' dir='ltr'><strong>llic</strong></span> <span class='ocrx_word' id='word_1_210' title='bbox 964 2889 1027 2968; x_wconf 88' lang='lat' dir='ltr'><strong>est,</strong></span> <span class='ocrx_word' id='word_1_211' title='bbox 1058 2885 1109 2965; x_wconf 93' lang='lat' dir='ltr'><strong>qui</strong></span> <span class='ocrx_word' id='word_1_212' title='bbox 1131 2883 1300 2948; x_wconf 89' lang='lat' dir='ltr'><strong>secuudum</strong></span> 
     </span>
    </p>
   </div>
   <div class='ocr_carea' id='block_1_4' title="bbox 155 2988 1324 3938">
    <p class='ocr_par' dir='ltr' id='par_1_4' title="bbox 155 2988 1324 3508">
     <span class='ocr_line' id='line_1_25' title="bbox 155 2988 1303 3075; baseline 0.002 -24"><span class='ocrx_word' id='word_1_213' title='bbox 155 2989 225 3053; x_wconf 85' lang='lat' dir='ltr'><strong>illos</strong></span> <span class='ocrx_word' id='word_1_214' title='bbox 248 2989 427 3070; x_wconf 82' lang='lat' dir='ltr'><strong>intelligitur</strong></span> <span class='ocrx_word' id='word_1_215' title='bbox 448 2991 585 3052; x_wconf 89' lang='lat' dir='ltr'><strong>internus</strong></span> <span class='ocrx_word' id='word_1_216' title='bbox 608 2988 701 3052; x_wconf 92' lang='lat' dir='ltr'><strong>homo</strong></span> <span class='ocrx_word' id='word_1_217' title='bbox 725 2990 889 3072; x_wconf 88' lang='lat' dir='ltr'><strong>spiritualis</strong></span> <span class='ocrx_word' id='word_1_218' title='bbox 919 2992 950 3053; x_wconf 95' lang='lat' dir='ltr'><strong>in</strong></span> <span class='ocrx_word' id='word_1_219' title='bbox 979 2991 1101 3054; x_wconf 85' lang='lat' dir='ltr'><strong>animali</strong></span> <span class='ocrx_word' id='word_1_220' title='bbox 1131 2989 1220 3075; x_wconf 81' lang='lat' dir='ltr'><strong>(quod</strong></span> <span class='ocrx_word' id='word_1_221' title='bbox 1255 2997 1303 3053; x_wconf 88' lang='lat' dir='ltr'><strong>est</strong></span> 
     </span>
     <span class='ocr_line' id='line_1_26' title="bbox 155 3095 1303 3183; baseline -0.002 -21"><span class='ocrx_word' id='word_1_222' title='bbox 155 3098 282 3183; x_wconf 85' lang='lat' dir='ltr'><strong>filietas,</strong></span> <span class='ocrx_word' id='word_1_223' title='bbox 302 3116 381 3181; x_wconf 86' lang='lat' dir='ltr'><strong>quae</strong></span> <span class='ocrx_word' id='word_1_224' title='bbox 404 3095 454 3161; x_wconf 90' lang='lat' dir='ltr'><strong>hic</strong></span> <span class='ocrx_word' id='word_1_225' title='bbox 477 3097 600 3178; x_wconf 89' lang='lat' dir='ltr'><strong>reliquit</strong></span> <span class='ocrx_word' id='word_1_226' title='bbox 623 3100 771 3182; x_wconf 89' lang='lat' dir='ltr'><strong>animam,</strong></span> <span class='ocrx_word' id='word_1_227' title='bbox 805 3115 866 3162; x_wconf 90' lang='lat' dir='ltr'><strong>non</strong></span> <span class='ocrx_word' id='word_1_228' title='bbox 899 3097 1059 3163; x_wconf 88' lang='lat' dir='ltr'><strong>mortalem</strong></span> <span class='ocrx_word' id='word_1_229' title='bbox 1085 3097 1141 3162; x_wconf 89' lang='lat' dir='ltr'><strong>sed</strong></span> <span class='ocrx_word' id='word_1_230' title='bbox 1166 3099 1207 3161; x_wconf 82' lang='lat' dir='ltr'><strong>iot</strong></span> <span class='ocrx_word' id='word_1_231' title='bbox 1233 3116 1303 3161; x_wconf 89' lang='lat' dir='ltr'><strong>ma·</strong></span> 
     </span>
     <span class='ocr_line' id='line_1_27' title="bbox 156 3204 1324 3289; baseline 0 -20"><span class='ocrx_word' id='word_1_232' title='bbox 156 3214 282 3270; x_wconf 89' lang='lat' dir='ltr'><strong>nentem</strong></span> <span class='ocrx_word' id='word_1_233' title='bbox 316 3204 486 3270; x_wconf 89' lang='lat' dir='ltr'><strong>secundum</strong></span> <span class='ocrx_word' id='word_1_234' title='bbox 519 3212 678 3289; x_wconf 86' lang='lat' dir='ltr'><strong>naturam,</strong></span> <span class='ocrx_word' id='word_1_235' title='bbox 711 3225 771 3288; x_wconf 91' lang='lat' dir='ltr'><strong>qua</strong></span> <span class='ocrx_word' id='word_1_236' title='bbox 805 3207 927 3270; x_wconf 88' lang='lat' dir='ltr'><strong>ratione</strong></span> <span class='ocrx_word' id='word_1_237' title='bbox 962 3224 1053 3289; x_wconf 86' lang='lat' dir='ltr'><strong>supra</strong></span> <span class='ocrx_word' id='word_1_238' title='bbox 1089 3206 1176 3289; x_wconf 89' lang='lat' dir='ltr'><strong>liquit</strong></span> <span class='ocrx_word' id='word_1_239' title='bbox 1206 3207 1324 3288; x_wconf 77' lang='lat' dir='ltr'><strong>prima1</strong></span> 
     </span>
     <span class='ocr_line' id='line_1_28' title="bbox 156 3313 1302 3398; baseline -0.003 -19"><span class='ocrx_word' id='word_1_240' title='bbox 156 3313 266 3379; x_wconf 82' lang='lat' dir='ltr'><strong>liliatas</strong></span> <span class='ocrx_word' id='word_1_241' title='bbox 288 3315 425 3397; x_wconf 92' lang='lat' dir='ltr'><strong>spiritum</strong></span> <span class='ocrx_word' id='word_1_242' title='bbox 449 3321 604 3398; x_wconf 88' lang='lat' dir='ltr'><strong>sanctum,</strong></span> <span class='ocrx_word' id='word_1_243' title='bbox 626 3313 688 3376; x_wconf 85' lang='lat' dir='ltr'><strong>lioc</strong></span> <span class='ocrx_word' id='word_1_244' title='bbox 710 3321 758 3377; x_wconf 92' lang='lat' dir='ltr'><strong>est</strong></span> <span class='ocrx_word' id='word_1_245' title='bbox 780 3313 810 3377; x_wconf 94' lang='lat' dir='ltr'><strong>id</strong></span> <span class='ocrx_word' id='word_1_246' title='bbox 834 3314 918 3396; x_wconf 93' lang='lat' dir='ltr'><strong>quod</strong></span> <span class='ocrx_word' id='word_1_247' title='bbox 940 3314 1162 3378; x_wconf 88' lang='lat' dir='ltr'><strong>conterminum</strong></span> <span class='ocrx_word' id='word_1_248' title='bbox 1187 3320 1248 3398; x_wconf 85' lang='lat' dir='ltr'><strong>est,</strong></span> <span class='ocrx_word' id='word_1_249' title='bbox 1270 3315 1302 3376; x_wconf 94' lang='lat' dir='ltr'><strong>in</strong></span> 
     </span>
     <span class='ocr_line' id='line_1_29' title="bbox 156 3422 765 3508; baseline -0.005 -20"><span class='ocrx_word' id='word_1_250' title='bbox 156 3441 212 3488; x_wconf 91' lang='lat' dir='ltr'><strong>suo</strong></span> <span class='ocrx_word' id='word_1_251' title='bbox 234 3423 317 3508; x_wconf 85' lang='lat' dir='ltr'><strong>loco)</strong></span> <span class='ocrx_word' id='word_1_252' title='bbox 346 3440 401 3486; x_wconf 88' lang='lat' dir='ltr'><strong>sua</strong></span> <span class='ocrx_word' id='word_1_253' title='bbox 424 3429 485 3486; x_wconf 92' lang='lat' dir='ltr'><strong>tum</strong></span> <span class='ocrx_word' id='word_1_254' title='bbox 508 3422 631 3485; x_wconf 90' lang='lat' dir='ltr'><strong>indutus</strong></span> <span class='ocrx_word' id='word_1_255' title='bbox 654 3422 765 3485; x_wconf 86' lang='lat' dir='ltr'><strong>anima.</strong></span> 
     </span>
    </p>

    <p class='ocr_par' dir='ltr' id='par_1_5' title="bbox 157 3529 1324 3938">
     <span class='ocr_line' id='line_1_30' title="bbox 243 3529 1303 3612; baseline -0.003 -19"><span class='ocrx_word' id='word_1_256' title='bbox 243 3531 357 3594; x_wconf 86' lang='lat' dir='ltr'><strong>Verum</strong></span> <span class='ocrx_word' id='word_1_257' title='bbox 380 3547 420 3592; x_wconf 91' lang='lat' dir='ltr'><strong>ne</strong></span> <span class='ocrx_word' id='word_1_258' title='bbox 444 3529 515 3612; x_wconf 89' lang='lat' dir='ltr'><strong>quid</strong></span> <span class='ocrx_word' id='word_1_259' title='bbox 543 3529 703 3592; x_wconf 89' lang='lat' dir='ltr'><strong>doctrinae</strong></span> <span class='ocrx_word' id='word_1_260' title='bbox 735 3546 842 3592; x_wconf 90' lang='lat' dir='ltr'><strong>eorum</strong></span> <span class='ocrx_word' id='word_1_261' title='bbox 872 3530 1168 3611; x_wconf 84' lang='lat' dir='ltr'><strong>praetermittamus,</strong></span> <span class='ocrx_word' id='word_1_262' title='bbox 1204 3545 1303 3609; x_wconf 87' lang='lat' dir='ltr'><strong>quae-</strong></span> 
     </span>
     <span class='ocr_line' id='line_1_31' title="bbox 158 3635 1324 3721; baseline -0.007 -19"><span class='ocrx_word' id='word_1_263' title='bbox 158 3656 279 3721; x_wconf 91' lang='lat' dir='ltr'><strong>cunque</strong></span> <span class='ocrx_word' id='word_1_264' title='bbox 305 3640 396 3702; x_wconf 85' lang='lat' dir='ltr'><strong>etiam</strong></span> <span class='ocrx_word' id='word_1_265' title='bbox 419 3637 459 3701; x_wconf 90' lang='lat' dir='ltr'><strong>do</strong></span> <span class='ocrx_word' id='word_1_266' title='bbox 482 3637 647 3719; x_wconf 83' lang='lat' dir='ltr'><strong>evangelio</strong></span> <span class='ocrx_word' id='word_1_267' title='bbox 672 3635 787 3700; x_wconf 91' lang='lat' dir='ltr'><strong>docent</strong></span> <span class='ocrx_word' id='word_1_268' title='bbox 815 3655 976 3718; x_wconf 86' lang='lat' dir='ltr'><strong>exponam.</strong></span> <span class='ocrx_word' id='word_1_269' title='bbox 1033 3635 1233 3717; x_wconf 83' lang='lat' dir='ltr'><strong>Evangelium</strong></span> <span class='ocrx_word' id='word_1_270' title='bbox 1256 3642 1324 3698; x_wconf 78' lang='lat' dir='ltr'><strong>esto</strong></span> 
     </span>
     <span class='ocr_line' id='line_1_32' title="bbox 157 3742 1302 3829; baseline -0.003 -20"><span class='ocrx_word' id='word_1_271' title='bbox 157 3745 328 3810; x_wconf 89' lang='lat' dir='ltr'><strong>secundum</strong></span> <span class='ocrx_word' id='word_1_272' title='bbox 358 3762 414 3810; x_wconf 88' lang='lat' dir='ltr'><strong>eos</strong></span> <span class='ocrx_word' id='word_1_273' title='bbox 444 3742 761 3827; x_wconf 88' lang='lat' dir='ltr'><strong>supramundanorum</strong></span> <span class='ocrx_word' id='word_1_274' title='bbox 800 3743 1017 3829; x_wconf 80' lang='lat' dir='ltr'><strong>intelligentia,</strong></span> <span class='ocrx_word' id='word_1_275' title='bbox 1050 3750 1084 3806; x_wconf 96' lang='lat' dir='ltr'><strong>ut</strong></span> <span class='ocrx_word' id='word_1_276' title='bbox 1113 3742 1302 3806; x_wconf 85' lang='lat' dir='ltr'><strong>declaratum</strong></span> 
     </span>
     <span class='ocr_line' id='line_1_33' title="bbox 159 3851 1303 3938; baseline 0 -23"><span class='ocrx_word' id='word_1_277' title='bbox 159 3860 218 3935; x_wconf 89' lang='lat' dir='ltr'><strong>est,</strong></span> <span class='ocrx_word' id='word_1_278' title='bbox 242 3871 333 3934; x_wconf 91' lang='lat' dir='ltr'><strong>quarn</strong></span> <span class='ocrx_word' id='word_1_279' title='bbox 356 3871 485 3938; x_wconf 79' lang='lat' dir='ltr'><strong>mugnus</strong></span> <span class='ocrx_word' id='word_1_280' title='bbox 508 3852 625 3916; x_wconf 84' lang='lat' dir='ltr'><strong>archon</strong></span> <span class='ocrx_word' id='word_1_281' title='bbox 649 3869 712 3914; x_wconf 90' lang='lat' dir='ltr'><strong>non</strong></span> <span class='ocrx_word' id='word_1_282' title='bbox 734 3851 892 3916; x_wconf 84' lang='lat' dir='ltr'><strong>intellexit.</strong></span> <span class='ocrx_word' id='word_1_283' title='bbox 939 3851 1013 3916; x_wconf 83' lang='lat' dir='ltr'><strong>Cum</strong></span> <span class='ocrx_word' id='word_1_284' title='bbox 1041 3853 1132 3937; x_wconf 81' lang='lat' dir='ltr'><strong>igitur</strong></span> <span class='ocrx_word' id='word_1_285' title='bbox 1164 3851 1303 3915; x_wconf 84' lang='lat' dir='ltr'><strong>declara-</strong></span> 
     </span>
    </p>
   </div>
   <div class='ocr_carea' id='block_1_5' title="bbox 157 4038 1303 4583">
    <p class='ocr_par' dir='ltr' id='par_1_6' title="bbox 157 4038 1303 4583">
     <span class='ocr_line' id='line_1_34' title="bbox 159 4038 1300 4117; baseline -0.004 -20"><span class='ocrx_word' id='word_1_286' title='bbox 159 4044 262 4116; x_wconf 74' lang='grc' dir='ltr'><em>μηδένα</em></span> <span class='ocrx_word' id='word_1_287' title='bbox 282 4039 303 4097; x_wconf 87' lang='lat' dir='ltr'>C</span> <span class='ocrx_word' id='word_1_288' title='bbox 321 4039 351 4096; x_wconf 82' lang='lat' dir='ltr'><strong>ld</strong></span> <span class='ocrx_word' id='word_1_289' title='bbox 422 4043 466 4098; x_wconf 85' lang='grc'><strong>93.</strong></span> <span class='ocrx_word' id='word_1_290' title='bbox 479 4038 666 4114; x_wconf 73' lang='grc' dir='ltr'><strong>παρὰ]κατὰῦ</strong></span> <span class='ocrx_word' id='word_1_291' title='bbox 740 4043 784 4098; x_wconf 87' lang='grc'><strong>95.</strong></span> <span class='ocrx_word' id='word_1_292' title='bbox 805 4039 1300 4117; x_wconf 71' lang='grc' dir='ltr'><strong>ἆποκατασιαθησομένωνῐίοερειιιιι</strong></span> 
     </span>
     <span class='ocr_line' id='line_1_35' title="bbox 160 4129 1301 4212; baseline -0.004 -21"><span class='ocrx_word' id='word_1_293' title='bbox 160 4136 417 4209; x_wconf 74' lang='grc' dir='ltr'><strong>ἀποκαταοπιμίνων</strong></span> <span class='ocrx_word' id='word_1_294' title='bbox 436 4132 501 4190; x_wconf 84' lang='lat' dir='ltr'><strong>GM</strong></span> <span class='ocrx_word' id='word_1_295' title='bbox 518 4133 676 4190; x_wconf 76' lang='lat' dir='ltr'><strong>Bunsenius</strong></span> <span class='ocrx_word' id='word_1_296' title='bbox 733 4137 777 4191; x_wconf 85' lang='grc'><strong>96.</strong></span> <span class='ocrx_word' id='word_1_297' title='bbox 789 4133 903 4212; x_wconf 74' lang='grc' dir='ltr'><strong>καιροῖς]</strong></span> <span class='ocrx_word' id='word_1_298' title='bbox 915 4132 1049 4208; x_wconf 72' lang='grc' dir='ltr'>καιρόςῦ</span> <span class='ocrx_word' id='word_1_299' title='bbox 1104 4136 1147 4190; x_wconf 84' lang='lat'><strong>97.</strong></span> <span class='ocrx_word' id='word_1_300' title='bbox 1164 4129 1301 4196; x_wconf 70' lang='grc' dir='ltr'><strong><em>ἱκανῶςῦ,</em></strong></span> 
     </span>
     <span class='ocr_line' id='line_1_36' title="bbox 160 4224 1301 4302; baseline -0.006 -18"><span class='ocrx_word' id='word_1_301' title='bbox 160 4231 233 4285; x_wconf 86' lang='lat' dir='ltr'><strong>uude</strong></span> <span class='ocrx_word' id='word_1_302' title='bbox 241 4229 372 4285; x_wconf 81' lang='lat' dir='ltr'><strong>coniicias</strong></span> <span class='ocrx_word' id='word_1_303' title='bbox 386 4230 484 4290; x_wconf 66' lang='lat' dir='ltr'><strong>lacernis</strong></span> <span class='ocrx_word' id='word_1_304' title='bbox 489 4234 633 4302; x_wconf 65' lang='grc' dir='ltr'><strong><em>μαρτυρεῖς</em></strong></span> <span class='ocrx_word' id='word_1_305' title='bbox 652 4228 756 4302; x_wconf 73' lang='grc' dir='ltr'><em>μάρτυς</em></span> <span class='ocrx_word' id='word_1_306' title='bbox 768 4228 860 4290; x_wconf 69' lang='grc' dir='ltr'><strong>ἱκανὸς</strong></span> <span class='ocrx_word' id='word_1_307' title='bbox 871 4227 1028 4283; x_wconf 82' lang='lat' dir='ltr'><strong>Bunseuius</strong></span> <span class='ocrx_word' id='word_1_308' title='bbox 1077 4228 1121 4281; x_wconf 87' lang='grc'><strong>97.</strong></span> <span class='ocrx_word' id='word_1_309' title='bbox 1128 4224 1178 4281; x_wconf 87' lang='grc' dir='ltr'><strong>Ει.</strong></span> <span class='ocrx_word' id='word_1_310' title='bbox 1187 4225 1231 4278; x_wconf 84' lang='lat' dir='ltr'><strong>lc.</strong></span> <span class='ocrx_word' id='word_1_311' title='bbox 1239 4227 1265 4288; x_wconf 79' lang='lat'><strong>2,</strong></span> <span class='ocrx_word' id='word_1_312' title='bbox 1274 4225 1301 4278; x_wconf 85' lang='lat'><strong>4.</strong></span> 
     </span>
     <span class='ocr_line' id='line_1_37' title="bbox 158 4315 1303 4394; baseline -0.011 -14"><span class='ocrx_word' id='word_1_313' title='bbox 158 4325 203 4380; x_wconf 86' lang='grc'><strong>98.</strong></span> <span class='ocrx_word' id='word_1_314' title='bbox 219 4321 261 4379; x_wconf 86' lang='lat' dir='ltr'><strong>Cl.</strong></span> <span class='ocrx_word' id='word_1_315' title='bbox 273 4320 371 4378; x_wconf 79' lang='lat' dir='ltr'><strong>Marah.</strong></span> <span class='ocrx_word' id='word_1_316' title='bbox 390 4323 416 4388; x_wconf 82' lang='lat'><strong>2,</strong></span> <span class='ocrx_word' id='word_1_317' title='bbox 432 4322 491 4376; x_wconf 57' lang='grc'><strong>99.</strong></span> <span class='ocrx_word' id='word_1_318' title='bbox 573 4322 617 4378; x_wconf 86' lang='grc'><strong>98.</strong></span> <span class='ocrx_word' id='word_1_319' title='bbox 631 4323 676 4377; x_wconf 88' lang='grc'><strong>99.</strong></span> <span class='ocrx_word' id='word_1_320' title='bbox 694 4322 737 4376; x_wconf 76' lang='lat' dir='ltr'><strong>dul</strong></span> <span class='ocrx_word' id='word_1_321' title='bbox 748 4324 853 4393; x_wconf 69' lang='grc' dir='ltr'><strong>γένεσιν</strong></span> <span class='ocrx_word' id='word_1_322' title='bbox 863 4321 902 4376; x_wconf 76' lang='grc' dir='ltr'><strong>δι’</strong></span> <span class='ocrx_word' id='word_1_323' title='bbox 920 4321 1036 4394; x_wconf 75' lang='grc' dir='ltr'><em>ἀστέρων</em></span> <span class='ocrx_word' id='word_1_324' title='bbox 1052 4317 1221 4374; x_wconf 80' lang='lat' dir='ltr'><strong>Bunseniuor</strong></span> <span class='ocrx_word' id='word_1_325' title='bbox 1238 4315 1303 4369; x_wconf 80' lang='grc' dir='ltr'><strong>κατὰ</strong></span> 
     </span>
     <span class='ocr_line' id='line_1_38' title="bbox 157 4405 1301 4490; baseline -0.01 -19"><span class='ocrx_word' id='word_1_326' title='bbox 157 4412 439 4490; x_wconf 75' lang='lat' dir='ltr'><strong>y.l¹rr’dcr.laccbiue</strong></span> <span class='ocrx_word' id='word_1_327' title='bbox 514 4411 764 4489; x_wconf 77' lang='grc' dir='ltr'><strong>1.σωρῷ]σάρῳΜ</strong></span> <span class='ocrx_word' id='word_1_328' title='bbox 837 4415 863 4470; x_wconf 84' lang='grc'><strong>4.</strong></span> <span class='ocrx_word' id='word_1_329' title='bbox 875 4405 1301 4489; x_wconf 61' lang='grc' dir='ltr'>ᾖπερμαίπιρῦΜΒυιιιειιίιιιι</span> 
     </span>
     <span class='ocr_line' id='line_1_39' title="bbox 161 4498 1302 4583; baseline -0.008 -20"><span class='ocrx_word' id='word_1_330' title='bbox 161 4508 285 4583; x_wconf 74' lang='grc' dir='ltr'><strong>καθάπερ</strong></span> <span class='ocrx_word' id='word_1_331' title='bbox 303 4505 434 4563; x_wconf 80' lang='lat' dir='ltr'><strong>Jacobiua</strong></span> <span class='ocrx_word' id='word_1_332' title='bbox 507 4502 778 4576; x_wconf 70' lang='grc' dir='ltr'><strong>λέλοιπινμὲλιπινῦ</strong></span> <span class='ocrx_word' id='word_1_333' title='bbox 833 4509 860 4562; x_wconf 85' lang='lat' dir='ltr'><strong>li.</strong></span> <span class='ocrx_word' id='word_1_334' title='bbox 875 4503 978 4581; x_wconf 73' lang='lat' dir='ltr'><strong>adroic]</strong></span> <span class='ocrx_word' id='word_1_335' title='bbox 993 4498 1302 4558; x_wconf 73' lang='lat' dir='ltr'><strong>atwtctlttumeuiua</strong></span> 
     </span>
    </p>
   </div>
   <div class='ocr_carea' id='block_1_6' title="bbox 0 0 1547 4988">
    <p class='ocr_par' dir='ltr' id='par_1_7' title="bbox 0 0 1547 4988">
     <span class='ocr_line' id='line_1_40' title="bbox 0 0 1547 4988; baseline 0 0"><span class='ocrx_word' id='word_1_336' title='bbox 0 0 1547 4988; x_wconf 95' lang='lat' dir='ltr'><strong> </strong></span> 
     </span>
    </p>
   </div>
  </div>
 </body>
</html>
