3050 4988
632 341 877 402 VALENTINIANI.
1268 338 1327 404 ²91

184 517 216 572 et
235 509 315 571 Iaeo
335 527 416 590 prae
445 509 513 571 diui
534 509 614 572 nilril
639 519 687 573 ert
715 513 787 574 tale.
839 510 930 587 Ouod
957 517 1058 572 autern
1086 519 1158 591 port
1184 511 1243 574 lioe
1275 519 1330 588 est,

184 617 303 680 anirum
325 613 451 696 affeolut
473 618 593 681 discere
615 619 722 700 qualia
753 619 809 681 illo
837 619 918 694 sint,
953 619 1108 698 aspiciens
1135 618 1170 681 in
1191 637 1231 680 ea
1252 637 1371 700 quaero

182 724 244 787 sibi
273 733 407 806 eopnatu
433 733 521 802 mut,
555 745 681 808 quorum
712 727 788 788 niliil
816 725 1006 806 urslieienter
1033 745 1067 787 se
1088 725 1188 788 labet.
1247 725 1332 789 Ilaec

184 841 238 910 ert,
264 851 282 896 o
303 833 350 912 uti
370 833 514 914 Dionysii
536 840 566 895 et
586 834 725 911 Doridis,
748 834 906 916 quaestio,
930 852 1009 914 quae
1030 835 1179 896 malorum
1201 835 1333 897 omnium

183 958 279 1003 eausa
301 947 359 1014 est,
382 941 473 1002 irnmo
494 959 569 1004 aero
592 961 670 1004 eura
691 942 729 1003 de
751 941 809 1004 liae
830 943 863 1004 in
886 942 988 1003 auimo
1010 942 1162 1019 insidens,
1193 961 1284 1023 quam
1304 944 1333 1004 si

183 1049 252 1129 quis
266 1065 328 1110 non
347 1048 510 1129 sustulerit,
527 1047 669 1128 prosecta
683 1067 837 1128 nunquan
849 1049 1009 1111 ueritatem
1031 1057 1219 1136 asseqrmru.
1244 1047 1335 1126 Quod

184 1163 284 1217 autern
305 1154 447 1217 mirabile
468 1156 501 1216 in
522 1174 559 1217 eo
582 1153 699 1234 [uotum
721 1162 784 1233 est,
815 1155 930 1218 audito.
985 1155 1064 1218 Sunt
1084 1158 1164 1218 enim
1185 1156 1370 1235 liornines,1s

185 1263 237 1342 qui
258 1262 336 1324 liaeo
358 1261 561 1339 audiverunt,
592 1263 743 1342 pollentes
765 1264 923 1339 acumine,
955 1263 1106 1342 pollenter
1134 1265 1281 1326 memoria
1303 1273 1333 1326 et

184 1371 218 1431 in
242 1370 449 1432 examinando
473 1377 504 1432 et
524 1370 691 1432 iudicando
714 1371 873 1449 sollertes,
900 1371 1041 1450 prouecti
1062 1371 1124 1432 iarn
1145 1377 1256 1450 aetate,
1280 1372 1333 1454 qui

185 1477 343 1558 affin-ruunt
363 1495 442 1560 quae
464 1479 536 1540 olirn
557 1477 618 1540 ribi
643 1477 808 1540 eredibilia
833 1477 903 1541 uisu
934 1477 996 1539 sint
1024 1497 1106 1540 nuno
1136 1479 1332 1542 incredibilia

184 1605 268 1670 esse,
306 1595 367 1648 turn
400 1594 500 1648 autern
534 1585 732 1648 incredibilia
765 1587 837 1649 aisa
872 1603 954 1646 nuno
988 1593 1097 1648 oontru
1129 1584 1191 1647 sibi
1221 1588 1330 1650 uideri.

187 1693 271 1756 Iloee
293 1694 388 1774 ipitur
410 1693 530 1755 intuens
553 1711 646 1769 euoe,
670 1712 709 1754 ue
733 1691 856 1774 quando
879 1697 908 1752 te
924 1693 1084 1772 poeniteat
1103 1691 1228 1770 iorum,
1252 1708 1370 1776 praeto

185 1800 239 1862 lidi
265 1809 393 1881 praeter
422 1801 601 1881 dipnitntern
632 1800 814 1861 eaoideriut.
866 1797 1033 1879 Propterea
1059 1818 1117 1880 epo
1145 1801 1184 1862 de
1213 1801 1273 1864 too
1296 1820 1332 1862 re

184 1909 354 1988 eomoripsi
384 1906 463 1969 niltil
473 1952 484 1985 ,
517 1925 576 1969 nee
608 1906 745 1970 Platonis
783 1913 871 1968 eolat
904 1905 1050 1987 seriptum
1081 1907 1195 1986 aliurn,
1234 1927 1333 1990 neque

182 2017 294 2079 existet
314 2033 470 2097 unquam:
494 2033 574 2097 quae
595 2023 694 2077 auteur
716 2015 806 2076 modo
829 2013 973 2075 dicuutur
1001 2013 1143 2076 Socratis
1164 2023 1251 2092 sunt,
1279 2016 1332 2095 qui

182 2125 295 2188 uirtute
318 2124 500 2204 conspicuus
522 2123 623 2184 count
641 2122 695 2185 ael
714 2141 782 2182 euru
803 2121 924 2185 iuuenis
950 2129 1038 2184 erret.
1094 2120 1148 2184 IIis
1180 2141 1248 2185 oum
1279 2123 1331 2185 iu·

184 2232 308 2294 cidisset
329 2230 518 2313 Valentinus,
540 2247 597 2310 pro
620 2227 818 2293 fundamento
842 2227 946 2309 posuit
962 2244 1053 2308 quern
1073 2230 1207 2292 omniurn
1224 2243 1370 2313 regemus

185 2338 257 2402 dicit
291 2337 396 2421 Pluto,
433 2339 499 2418 ipse
537 2337 654 2400 Putrem
687 2342 718 2398 et
748 2335 879 2418 Bythum
916 2343 946 2398 et
976 2335 1161 2399 Proarchum
1198 2339 1331 2400 omniurn

183 2463 326 2509 aeonum.
367 2441 487 2507 Deinde
509 2461 577 2506 oum
608 2443 692 2506 Pluto
721 2441 848 2505 dixerit:
877 2444 964 2505 eirea
993 2444 1159 2506 seeundum
1187 2447 1332 2529 reeuuda,

182 2553 363 2617 Valentinus
386 2553 520 2614 seeundo
543 2550 720 2614 Terminurn
743 2550 846 2631 posuit
870 2567 1041 2631 omnesque
1060 2551 1137 2613 iutro
1157 2551 1330 2616 Termiuurn

182 2677 315 2735 aeones,
342 2664 374 2722 et
404 2659 495 2722 tertia
517 2659 604 2720 oireu
627 2659 763 2740 tertium,
788 2675 866 2738 quoe
901 2663 949 2720 est
978 2663 1065 2720 extro
1092 2657 1266 2721 Tormiuum
1301 2667 1332 2724 ei

184 2767 322 2850 pleroma
346 2765 577 2848 dispositionem
602 2765 759 2827 coustituit
782 2781 914 2827 ornnem.
965 2763 1004 2827 Et
1027 2763 1192 2828 declaravit
1215 2764 1371 2830 Valeo-to

183 2875 263 2938 tinus
287 2891 353 2936 eern
377 2873 558 2937 brevissime
581 2889 638 2953 per
659 2871 818 2954 psalmum,
842 2869 880 2933 ub
903 2871 964 2933 imo
988 2889 1087 2955 orsus,
1111 2889 1173 2934 nou
1197 2881 1228 2935 ut
1247 2873 1331 2936 Pluto

183 3003 200 3047 u
232 2999 393 3063 supremo,
422 2981 470 3043 NIs
508 2978 628 3043 uerbis:
660 2978 708 3042 Ao
737 2978 862 3040 aetlrere
899 2979 1005 3040 omnia
1037 2997 1188 3060 erupensa
1221 2982 1333 3062 spiritu

183 3097 279 3171 tueor,
301 3088 405 3149 omnia
427 3094 528 3149 eutem
548 3093 638 3151 aeota
661 3087 773 3168 spiritu
799 3087 938 3168 percipio
944 3108 958 3161 ;
991 3105 1116 3149 earnem
1139 3087 1261 3167 quidem
1293 3088 1332 3151 ab

184 3199 289 3260 anima
312 3214 507 3277 suspemam,
532 3196 666 3258 animaru
688 3201 790 3256 autern
812 3203 888 3256 atre
910 3202 1063 3272 eoeetarn,
1097 3202 1202 3256 aerem
1234 3203 1333 3257 aulem

182 3324 224 3367 en
246 3304 370 3367 aetlrere
394 3321 591 3384 suspensum,
626 3321 644 3363 e
674 3299 764 3381 bylde
797 3308 898 3362 aukrn
927 3299 1050 3380 [raonis
1080 3309 1258 3379 nascentes,
1291 3322 1333 3364 ex
1343 3309 1372 3360 uo

182 3421 269 3474 utero
292 3419 393 3474 autem
421 3409 537 3489 foetum
565 3416 768 3484 oreroentern,
798 3407 843 3469 sio
873 3407 951 3471 huso
982 3408 1139 3473 sentiens:
1185 3407 1264 3472 Coro
1287 3415 1334 3472 est

183 3520 309 3581 materie
332 3515 501 3582 secuudum
524 3514 609 3598 illos,
632 3533 712 3596 quoe
736 3513 850 3596 pendet
866 3515 904 3578 ub
924 3517 1023 3578 animo
1046 3513 1211 3597 demiurgi3
1235 3515 1335 3579 unimu

184 3685 291 3740 aduror.
328 3687 446 3756 lilerium
464 3683 493 3738 di
513 3681 618 3754 peiurio
636 3681 664 3735 ri
682 3681 720 3753 μὴ
738 3681 864 3754 γράφειν,
883 3681 938 3736 ἀλλ’
958 3682 1153 3754 έαμανθάναν·
1172 3683 1204 3737 ori
1217 3682 1272 3756 γάρ
1284 3685 1336 3736 lon

182 3778 212 3831 uri
226 3779 366 3850 γραφέντα
383 3775 420 3850 μὴ
440 3775 488 3829 oin
506 3777 631 3829 ἐκπεσεῖν.
674 3773 724 3828 Arri
749 3774 827 3828 ταῦτα
851 3773 930 3828 οὐδέν
953 3773 1052 3828 nrdnod
1079 3775 1132 3848 lyei
1154 3775 1217 3849 περὶ
1239 3775 1337 3830 ruitur

181 3871 323 3942 γέγραφα,
342 3867 405 3922 οὐδ’
424 3869 476 3922 iun
493 3868 662 3940 σύγγραμμα
680 3865 823 3928 Πλάτωνας
841 3866 933 3931 οὐδέν,
958 3865 1018 3920 oid*
1039 3869 1117 3922 ἔσται.
1137 3865 1178 3922 Pl.
1290 3869 1334 3922 71.

180 3961 211 4016 ni
228 3959 268 4036 di]
279 3957 309 4015 “A
320 3956 386 4014 diC
482 3959 526 4014 74.
546 3959 611 4014 nior
628 3958 689 4030 γῆν]
708 3959 785 4029 σιγῆν
803 3955 971 4030 Bernoysius
990 3967 1019 4014 et
1037 3957 1195 4031 Bosporus:
1221 3959 1337 4026 nideror

181 4051 215 4108 R.
235 4051 362 4108 Suetius:
381 4051 540 4124 προαρχὴνέ
654 4050 698 4103 'id-
717 4049 777 4110 ruis
795 4051 866 4112 έντός
884 4049 949 4123 ὅρον
967 4049 1076 4106 ὑπέθετο
1095 4049 1334 4124 ruspiioeperus.

181 4143 285 4201 Verum
312 4161 395 4216 segre
420 4143 593 4198 desideratur
620 4141 707 4213 ipsius
741 4139 806 4214 ὅρον
832 4143 1069 4210 commemoratio,
1103 4153 1131 4200 et
1161 4144 1189 4198 in
1214 4141 1335 4214 Bospori

185 4237 345 4292 coniectura
364 4235 496 4290 articulus
514 4235 559 4289 roi
578 4244 640 4289 unte
662 4231 727 4307 ὅρου
745 4234 788 4288 vix
802 4243 893 4308 potest
907 4235 1014 4289 obesse.
1130 4235 1174 4288 ts.
1192 4233 1239 4288 uui
1258 4231 1337 4298 αὐτὴν

183 4329 299 4400 διελιγχέ
315 4327 360 4381 τοῦ
378 4324 452 4399 prC
567 4327 613 4382 80.
638 4322 765 4404 Αἶθέρος]
785 4327 869 4398 Θέρος
895 4323 932 4381 C:
958 4329 1060 4398 Θέρονς
1085 4340 1160 4396 susp.
1184 4321 1227 4378 M:
1252 4322 1337 4396 ’Δέρας

183 4419 216 4476 R.
237 4418 350 4475 Scottus
440 4419 486 4476 81.
500 4419 547 4475 82.
565 4415 762 4492 έοχαέμεναῦ
852 4417 898 4473 8³.
917 4413 1137 4492 έξαχανμένηνῦ
1217 4417 1337 4490 αέθέρος]

182 4509 319 4585 αέθρρςῦ
343 4507 372 4566 Ni

1042 4580 1110 4646 tu*
