3052 4984
184 319 247 386 404
294 322 412 406 (naso.
429 323 513 408 aar.)
643 331 738 392 arana
762 331 820 406 vn,
843 337 895 394 aa.

185 503 257 565 σαις
290 487 461 577 ῦμαριίαις
495 491 599 558 odedu
632 499 959 578 μετενσοιμαοοῦνοαι,
1001 494 1086 560 α’λλδ
1116 495 1223 561 πάντα
1249 490 1333 578 ὁμοῦ

183 593 368 662 ἀποδοῦσαι
381 601 420 662 τὰ
438 596 611 686 ὀφλήματα
632 601 950 688 ἐλεοθερωθησσνοαι
971 607 1027 668 τοῦ
1048 606 1156 690 μηκέπ
1177 606 1332 684 γενέσθαι

148 702 219 770 ttdv
234 705 363 789 σώματι.
411 705 542 772 Τούτων
563 711 644 786 τινὲς
664 713 719 774 καί
741 709 980 796 καυτηριάζοοσι
1001 711 1073 786 νοῦς
1094 710 1196 785 ίδίοος
1216 713 1331 796 μαθη-

182 814 238 887 rolf
258 812 295 905 ἐν
315 823 380 890 οοίς
402 811 503 878 δπίσοι
525 818 633 900 μέρεσι
654 819 710 880 κοῦ
732 815 830 899 λοβοῦ
851 821 906 881 τοῦ
929 815 1037 894 δεξιοῦ
1058 815 1146 892 ιδτός.
1199 822 1262 882 Καί
1281 818 1330 882 εί-

181 919 281 996 κδνας
310 918 346 983 δὲ
368 921 633 996 κατασκινάζοοσι
660 925 716 988 τοῦ
744 927 884 1012 Χρισιοῦ
913 923 1056 1006 λέγοντες
1086 923 1151 990 ῦπδ
1183 925 1328 990 Hadriano

181 1029 226 1114 οηῖ
248 1030 350 1114 καιρῷ
371 1027 480 1116 δκείνηι
501 1031 666 1109 γενέσθαι.

265 1133 317 1200 33.
363 1133 527 1220 Κηρινθος
548 1134 586 1200 δέ
606 1159 668 1212 ας,
690 1133 786 1213 αὐτὸς
806 1137 990 1218 Λίγοαείον
1010 1137 1144 1219 παιδείᾳ
1165 1135 1329 1225 δσκηθείς,

147 1237 289 1320 ίοῦλεγεν
309 1237 369 1323 οὐχ
399 1237 463 1306 ῦπδ
484 1247 540 1306 κοῦ
561 1242 691 1330 nordana
714 1245 797 1308 θεοῦ
817 1246 981 1324 γενονέναι
1002 1245 1057 1310 οῦν
1078 1244 1215 1328 κόσμον,
1236 1247 1242 1331 Ι
1260 1244 1332 1310 ἀλλ’

182 1343 247 1413 ῦπδ
277 1346 443 1432 δονάμεοίς
469 1371 553 1426 ανος
575 1353 802 1437 κεχωρισμένος
829 1355 882 1437 τῆς
912 1349 993 1437 ῦπὲρ
1022 1353 1061 1416 εδ
1093 1351 1155 1417 δία
1186 1351 1332 1429 ἐξουσίας

183 1457 235 1519 καί
256 1453 431 1542 ἀγνοούσης
451 1458 508 1522 τὸν
528 1455 609 1543 ὑπὲρ
632 1457 740 1523 πάντα
762 1457 855 1524 θεόν.
906 1459 974 1523 Tor
994 1458 1031 1524 dt
1049 1458 1170 1547 Ἰησοῦν
1189 1458 1330 1525 ῦπέθετο

182 1560 227 1646 μη
249 1559 285 1624 ἐκ
306 1563 478 1648 παρθένον
498 1565 710 1649 γεγενῆσθαι,
738 1565 902 1642 γεγσνίναι
924 1560 960 1626 δὲ
983 1560 1081 1628 αδτδν
1099 1563 1134 1640 δξ
1146 1562 1261 1650 Ἰωσὴφ
1275 1569 1330 1628 καί

184 1668 320 1751 Μαρίας
341 1663 412 1732 οίδν
433 1653 550 1752 ὁμοίως
570 1679 634 1744 τοϊς
655 1669 781 1745 ίοιποίς
810 1669 934 1734 ἅπασιν
959 1668 1167 1755 ἀνθρώποις,
1198 1677 1253 1735 καί
1276 1671 1328 1736 δι-

147 1773 351 1861 ιεκαιδιερον
377 1779 541 1856 γεγονέναι
567 1782 622 1842 καί
648 1777 839 1863 σοφώτερον.
892 1781 957 1841 Καὶ
988 1779 1066 1861 μετὰ
1099 1780 1133 1842 τὰ
1166 1779 1330 1862 sammaa

185 1881 355 1946 κααλθείν
375 1883 421 1958 είς
442 1881 541 1949 odada
561 1883 597 1948 la
626 1887 680 1970 τῆς
700 1881 782 1970 ῦπὲρ
809 1883 848 1948 ml
870 1882 932 1947 δία
962 1883 1135 1960 αδθενιίας
1164 1888 1219 1951 adv
1248 1890 1331 1972 Xer«

184 1990 259 2054 σεδν
279 1988 316 2055 ἐν
336 1988 413 2054 εἴδει
434 1995 635 2079 περιστερᾶς,
669 1995 724 2054 καί
748 1989 816 2054 τότε
837 1993 969 2076 κηρῦξαι
991 1990 1046 2056 adv
1074 1992 1236 2072 d'rvororov
1264 2015 1331 2057 πα-

183 2105 277 2185 ιίρα,
300 2102 354 2161 καί
375 2096 528 2182 δυνάμεις
549 2098 746 2175 ἐπικαλέσαι,
769 2098 850 2184 πρὸς
864 2097 900 2162 δὲ
919 2103 963 2186 rai
979 2098 1061 2164 σείει
1077 2097 1260 2186 δποπνῆναι
1273 2101 1330 2164 οῦν

185 2204 324 2291 Χριστὸν
346 2203 413 2270 aad
435 2209 490 2270 roll
509 2204 624 2292 Ἰησοῦ,
658 2209 713 2270 καί
734 2206 789 2270 τὸν
806 2204 927 2292 Ἰησοῦν
952 2210 1157 2272 πεπονθέναι
1179 2213 1232 2271 καί
1253 2207 1326 2294 ἐγη-

148 2314 318 2397 ίογίρθαι,
350 2309 406 2376 οδν
440 2311 477 2377 δὲ
504 2313 644 2398 Χρισκδν
676 2313 798 2400 ἀπαθῆ
826 2312 1090 2402 διαμεμενηκέναι
1118 2317 1331 2400 πνευματικὸν

182 2417 378 2508 ὑπάρχοντα.

183 2581 396 2661 brioaverunt;
430 2583 475 2646 sio
506 2581 559 2667 (ol.
593 2582 649 2646 sed
677 2580 726 2667 sit)
759 2589 1040 2663 transoorporatum
1074 2599 1215 2666 semper,
1246 2603 1331 2667 qno·

185 2690 323 2773 adusque
355 2691 385 2753 in
420 2688 503 2753 omni
544 2689 669 2752 omnino
703 2689 904 2773 operatione,
941 2708 1022 2772 quae
1062 2689 1093 2753 in
1128 2691 1242 2755 mondo
1273 2697 1330 2774 ost,

184 2796 251 2882 liat,
275 2806 307 2862 et
329 2815 396 2860 oum
420 2793 493 2858 nihil
516 2793 647 2858 deluerit
671 2796 718 2879 ei,
747 2801 809 2858 tum
831 2793 990 2859 liberatam
1014 2797 1080 2859 eius
1103 2795 1233 2859 animam
1257 2795 1330 2858 ele-

183 2904 251 2968 vari
274 2905 326 2986 (ol.
340 2900 492 2986 eliberari)
515 2900 554 2964 ad
580 2899 661 2963 illum
685 2900 793 2986 deum,
815 2903 867 2985 qui
889 2907 937 2966 est
958 2921 1051 2985 supra
1072 2903 1200 2986 angelos
1224 2902 1329 2966 mundi

183 3009 396 3075 fabricatores.
453 3008 503 3072 Sio
526 3025 650 3090 quoque
673 3007 784 3072 salvari
808 3017 839 3072 et
861 3025 970 3072 omnes
992 3011 1121 3093 animas,
1151 3011 1216 3073 sive
1244 3009 1330 3092 ipsae

183 3122 449 3201 praeoccupantes
472 3116 503 3178 in
526 3133 589 3178 uno
612 3113 745 3179 adventu
768 3115 798 3176 in
822 3114 963 3178 omnibus
992 3116 1179 3178 misceantur
1210 3134 1330 3197 opera-

185 3226 337 3309 tionibus,
371 3224 436 3288 sive
466 3222 505 3286 de
538 3239 671 3304 corpore
701 3221 732 3284 in
756 3239 869 3303 corpus
891 3223 1163 3308 transmigrantes,
1196 3223 1246 3287 vel
1268 3226 1330 3287 im-

184 3333 296 3396 missae
330 3331 360 3394 in
393 3345 579 3410 unaquaque
612 3328 718 3409 specie
750 3330 831 3392 vitae
870 3327 1073 3410 adimplentes
1104 3336 1135 3392 et
1162 3331 1329 3396 reddentes

183 3438 286 3502 debita
308 3435 449 3520 liberari,
473 3436 515 3498 uti
537 3437 596 3498 iam
619 3453 679 3498 non
703 3435 815 3499 laniant
838 3431 890 3516 (ol.
913 3434 994 3516 dant)
1018 3437 1048 3497 in
1071 3454 1216 3518 corpore.

269 3543 296 3631 ρ.
323 3545 353 3612 6.
397 3543 458 3607 dlii
482 3562 558 3606 vero
581 3561 621 3606 ex
643 3543 716 3624 ipsis
745 3545 869 3626 signant
894 3543 1100 3606 cauteriantes
1129 3561 1202 3607 suos
1230 3543 1328 3608 disci-

182 3650 271 3735 pulos
293 3651 324 3714 in
347 3649 570 3732 posterioribus
608 3649 744 3730 partibus
780 3648 935 3710 extantiae
966 3647 1095 3712 dextrae
1126 3652 1208 3713 auris

183 3757 347 3822 Gnostioos
369 3776 404 3820 se
428 3762 528 3821 autem
552 3762 680 3840 vocant,
715 3762 746 3819 et
774 3755 923 3837 imagines
952 3754 1098 3836 quasdam
1122 3755 1246 3838 quidem
1269 3753 1330 3818 de-

182 3864 295 3948 pictas,
317 3863 462 3946 quasdam
485 3870 585 3926 autern
608 3871 638 3926 et
661 3862 700 3925 de
722 3863 838 3944 reliqua
870 3861 999 3925 materia
1022 3859 1184 3924 fabricatas
1206 3859 1329 3944 habent,

183 3969 324 4035 dieentes
347 3971 476 4034 formam
508 3968 620 4033 Christi
653 3966 763 4034 laetam
786 3987 804 4032 a
828 3969 924 4034 Pilato
947 3967 999 4033 illo
1021 3970 1051 4032 in
1075 3973 1234 4050 tempore,
1266 3984 1329 4048 quo

183 4078 239 4142 luit
262 4077 350 4142 lesus
372 4095 441 4140 cum
464 4075 647 4141 nominibus.

188 4179 258 4198 ὗ-ω-
873 4182 1030 4192 ..n——

254 4228 301 4282 39.
330 4243 389 4300 sqq.
427 4221 506 4278 Haeo
534 4241 645 4297 quoque
670 4219 839 4296 Hippolytus
867 4241 901 4278 ex
926 4221 1041 4277 Irenaeo
1071 4221 1224 4285 transtulit,
1249 4220 1327 4274 onius

182 4328 304 4376 retorem
322 4319 477 4373 versionem
494 4307 699 4388 erroriprimus.
737 4312 780 4370 (Ἰ.
800 4315 881 4370 etiam
901 4313 1071 4370 Theodorei.
1091 4317 1163 4368 laer.
1181 4315 1236 4381 [οῦ.
1255 4313 1281 4376 2,
1300 4313 1327 4377 3.

183 4421 211 4468 el
231 4411 298 4465 inlrn
318 4411 337 4464 1.
357 4408 393 4475 X,
414 4427 437 4465 c.
455 4409 500 4463 21.
520 4426 547 4480 p.
566 4409 629 4464 ³27.
649 4425 689 4479 sq.
710 4405 753 4461 ad.
773 4405 825 4462 Ox.
934 4408 977 4463 ³⁹.
996 4405 1141 4477 αῦτὸς]καί
1158 4404 1236 4466 αὐτὸς
1254 4402 1283 4459 ll
1302 4414 1331 4461 et

184 4501 341 4559 Buasooiur
357 4503 376 4558 l.
396 4503 414 4556 l.
434 4520 461 4574 η.
481 4501 544 4556 373.
696 4502 742 4555 lo.
761 4497 836 4577 θεοῦ]
855 4517 900 4554 om
920 4497 942 4554 C
959 4497 989 4556 Μ
1114 4501 1160 4554 44.
1180 4495 1250 4575 otor]
1269 4501 1331 4554 olor
