<?xml version="1.0" encoding="UTF-8"?>
<!DOCTYPE html PUBLIC "-//W3C//DTD XHTML 1.0 Transitional//EN"
    "http://www.w3.org/TR/xhtml1/DTD/xhtml1-transitional.dtd">
<html xmlns="http://www.w3.org/1999/xhtml" xml:lang="en" lang="en">
 <head>
  <title>
</title>
<meta http-equiv="Content-Type" content="text/html;charset=utf-8" />
  <meta name='ocr-system' content='tesseract 3.04.00' />
  <meta name='ocr-capabilities' content='ocr_page ocr_carea ocr_par ocr_line ocrx_word'/>
</head>
<body>
  <div class='ocr_page' id='page_1' title='image "./refutationisomn00hippgoog_0292.png"; bbox 0 0 3056 4970; ppageno 0'>
   <div class='ocr_carea' id='block_1_1' title="bbox 647 269 1343 340">
    <p class='ocr_par' dir='ltr' id='par_1_1' title="bbox 647 269 1343 340">
     <span class='ocr_line' id='line_1_1' title="bbox 647 269 1343 340; baseline 0.004 -13"><span class='ocrx_word' id='word_1_1' title='bbox 647 269 892 330; x_wconf 71' lang='lat' dir='ltr'><strong>alienatorum.</strong></span> <span class='ocrx_word' id='word_1_2' title='bbox 1279 273 1343 340; x_wconf 81' lang='grc'><strong>279</strong></span> 
     </span>
    </p>
   </div>
   <div class='ocr_carea' id='block_1_2' title="bbox 167 436 1496 3280">
    <p class='ocr_par' dir='ltr' id='par_1_2' title="bbox 200 436 1496 1054">
     <span class='ocr_line' id='line_1_2' title="bbox 203 436 1496 524; baseline 0.003 -22"><span class='ocrx_word' id='word_1_3' title='bbox 203 438 338 504; x_wconf 85' lang='lat' dir='ltr'><strong>latusim</strong></span> <span class='ocrx_word' id='word_1_4' title='bbox 361 438 541 522; x_wconf 89' lang='lat' dir='ltr'><strong>pleromate,</strong></span> <span class='ocrx_word' id='word_1_5' title='bbox 561 436 690 502; x_wconf 83' lang='lat' dir='ltr'><strong>interior</strong></span> <span class='ocrx_word' id='word_1_6' title='bbox 712 437 832 504; x_wconf 84' lang='lat' dir='ltr'><strong>habitus</strong></span> <span class='ocrx_word' id='word_1_7' title='bbox 855 438 1013 504; x_wconf 86' lang='lat' dir='ltr'><strong>eraderet.</strong></span> <span class='ocrx_word' id='word_1_8' title='bbox 1067 441 1230 523; x_wconf 87' lang='lat' dir='ltr'><strong>Postquam</strong></span> <span class='ocrx_word' id='word_1_9' title='bbox 1252 442 1367 524; x_wconf 49' lang='lat' dir='ltr'><strong>igitur¹</strong></span> <span class='ocrx_word' id='word_1_10' title='bbox 1492 515 1496 524; x_wconf 22' lang='grc' dir='ltr'><strong><em>Δ</em></strong></span> 
     </span>
     <span class='ocr_line' id='line_1_3' title="bbox 203 543 1341 632; baseline 0.004 -24"><span class='ocrx_word' id='word_1_11' title='bbox 203 543 336 610; x_wconf 81' lang='lat' dir='ltr'><strong>formata</strong></span> <span class='ocrx_word' id='word_1_12' title='bbox 357 551 427 608; x_wconf 89' lang='lat' dir='ltr'><strong>erat</strong></span> <span class='ocrx_word' id='word_1_13' title='bbox 449 551 537 609; x_wconf 81' lang='lat' dir='ltr'><strong>entra</strong></span> <span class='ocrx_word' id='word_1_14' title='bbox 559 543 695 625; x_wconf 78' lang='lat' dir='ltr'><strong>pleroma</strong></span> <span class='ocrx_word' id='word_1_15' title='bbox 718 543 852 631; x_wconf 79' lang='lat' dir='ltr'><strong>Sophia,</strong></span> <span class='ocrx_word' id='word_1_16' title='bbox 873 563 933 609; x_wconf 89' lang='lat' dir='ltr'><strong>nec</strong></span> <span class='ocrx_word' id='word_1_17' title='bbox 954 544 1022 610; x_wconf 87' lang='lat' dir='ltr'><strong>lieri</strong></span> <span class='ocrx_word' id='word_1_18' title='bbox 1045 553 1176 632; x_wconf 89' lang='lat' dir='ltr'><strong>poterat,</strong></span> <span class='ocrx_word' id='word_1_19' title='bbox 1199 555 1233 612; x_wconf 95' lang='lat' dir='ltr'><strong>ut</strong></span> <span class='ocrx_word' id='word_1_20' title='bbox 1254 551 1341 631; x_wconf 90' lang='lat' dir='ltr'><strong>pari-</strong></span> 
     </span>
     <span class='ocr_line' id='line_1_4' title="bbox 202 651 1379 746; baseline -0.002 -32"><span class='ocrx_word' id='word_1_21' title='bbox 202 659 250 716; x_wconf 89' lang='lat' dir='ltr'><strong>ter</strong></span> <span class='ocrx_word' id='word_1_22' title='bbox 274 651 411 718; x_wconf 80' lang='lat' dir='ltr'><strong>Christus</strong></span> <span class='ocrx_word' id='word_1_23' title='bbox 438 660 471 717; x_wconf 89' lang='lat' dir='ltr'><strong>et</strong></span> <span class='ocrx_word' id='word_1_24' title='bbox 496 651 623 746; x_wconf 74' lang='lat' dir='ltr'><strong>Spiritus</strong></span> <span class='ocrx_word' id='word_1_25' title='bbox 654 659 779 716; x_wconf 86' lang='lat' dir='ltr'><strong>sanctus</strong></span> <span class='ocrx_word' id='word_1_26' title='bbox 808 669 848 714; x_wconf 82' lang='lat' dir='ltr'><strong>ex</strong></span> <span class='ocrx_word' id='word_1_27' title='bbox 873 651 976 715; x_wconf 87' lang='lat' dir='ltr'><strong>llente</strong></span> <span class='ocrx_word' id='word_1_28' title='bbox 998 653 1128 734; x_wconf 89' lang='lat' dir='ltr'><strong>proiecti</strong></span> <span class='ocrx_word' id='word_1_29' title='bbox 1151 661 1184 718; x_wconf 90' lang='lat' dir='ltr'><strong>et</strong></span> <span class='ocrx_word' id='word_1_30' title='bbox 1205 655 1379 719; x_wconf 79' lang='lat' dir='ltr'><strong>Veritateae</strong></span> 
     </span>
     <span class='ocr_line' id='line_1_5' title="bbox 202 751 1341 842; baseline 0 -20"><span class='ocrx_word' id='word_1_31' title='bbox 202 764 290 822; x_wconf 88' lang='lat' dir='ltr'><strong>extra</strong></span> <span class='ocrx_word' id='word_1_32' title='bbox 312 759 450 842; x_wconf 87' lang='lat' dir='ltr'><strong>pleroma</strong></span> <span class='ocrx_word' id='word_1_33' title='bbox 474 762 651 842; x_wconf 86' lang='lat' dir='ltr'><strong>manerent,</strong></span> <span class='ocrx_word' id='word_1_34' title='bbox 682 757 815 822; x_wconf 76' lang='lat' dir='ltr'>recurrit</span> <span class='ocrx_word' id='word_1_35' title='bbox 845 778 863 823; x_wconf 89' lang='lat' dir='ltr'><strong>a</strong></span> <span class='ocrx_word' id='word_1_36' title='bbox 896 759 1026 824; x_wconf 84' lang='lat' dir='ltr'><strong>formata</strong></span> <span class='ocrx_word' id='word_1_37' title='bbox 1060 758 1110 822; x_wconf 90' lang='lat' dir='ltr'><strong>illa</strong></span> <span class='ocrx_word' id='word_1_38' title='bbox 1141 751 1289 824; x_wconf 82' lang='lat' dir='ltr'><strong>Christus</strong></span> <span class='ocrx_word' id='word_1_39' title='bbox 1311 766 1341 822; x_wconf 90' lang='lat' dir='ltr'><strong>et</strong></span> 
     </span>
     <span class='ocr_line' id='line_1_6' title="bbox 200 857 1377 950; baseline 0.001 -22"><span class='ocrx_word' id='word_1_40' title='bbox 200 865 341 948; x_wconf 88' lang='lat' dir='ltr'><strong>Spiritus·</strong></span> <span class='ocrx_word' id='word_1_41' title='bbox 361 869 486 930; x_wconf 86' lang='lat' dir='ltr'><strong>sauctus</strong></span> <span class='ocrx_word' id='word_1_42' title='bbox 509 863 549 928; x_wconf 92' lang='lat' dir='ltr'><strong>ad</strong></span> <span class='ocrx_word' id='word_1_43' title='bbox 569 859 703 927; x_wconf 87' lang='lat' dir='ltr'><strong>hleotem</strong></span> <span class='ocrx_word' id='word_1_44' title='bbox 728 869 760 927; x_wconf 89' lang='lat' dir='ltr'><strong>et</strong></span> <span class='ocrx_word' id='word_1_45' title='bbox 781 863 949 929; x_wconf 86' lang='lat' dir='ltr'><strong>Veritatem</strong></span> <span class='ocrx_word' id='word_1_46' title='bbox 970 865 1052 930; x_wconf 87' lang='lat' dir='ltr'><strong>intra</strong></span> <span class='ocrx_word' id='word_1_47' title='bbox 1073 863 1257 950; x_wconf 72' lang='lat' dir='ltr'><strong>terminum,</strong></span> <span class='ocrx_word' id='word_1_48' title='bbox 1279 883 1340 941; x_wconf 87' lang='lat' dir='ltr'><strong>una</strong></span> <span class='ocrx_word' id='word_1_49' title='bbox 1370 857 1377 873; x_wconf 86' lang='lat'><em>&#39;</em></span> 
     </span>
     <span class='ocr_line' id='line_1_7' title="bbox 200 968 962 1054; baseline 0 -20"><span class='ocrx_word' id='word_1_50' title='bbox 200 989 270 1036; x_wconf 87' lang='lat' dir='ltr'><strong>cum</strong></span> <span class='ocrx_word' id='word_1_51' title='bbox 289 970 418 1054; x_wconf 88' lang='lat' dir='ltr'><strong>reliquis</strong></span> <span class='ocrx_word' id='word_1_52' title='bbox 440 971 589 1036; x_wconf 74' lang='lat' dir='ltr'><strong>aeonibus</strong></span> <span class='ocrx_word' id='word_1_53' title='bbox 611 969 813 1054; x_wconf 79' lang='lat' dir='ltr'><strong>magnificans</strong></span> <span class='ocrx_word' id='word_1_54' title='bbox 834 968 962 1034; x_wconf 89' lang='lat' dir='ltr'><strong>Patrem.</strong></span> 
     </span>
    </p>

    <p class='ocr_par' dir='ltr' id='par_1_3' title="bbox 167 1072 1377 3280">
     <span class='ocr_line' id='line_1_8' title="bbox 285 1072 1339 1159; baseline -0.003 -19"><span class='ocrx_word' id='word_1_55' title='bbox 285 1075 338 1142; x_wconf 84' lang='lat'><strong>32.</strong></span> <span class='ocrx_word' id='word_1_56' title='bbox 382 1078 545 1159; x_wconf 89' lang='lat' dir='ltr'><strong>Postquam</strong></span> <span class='ocrx_word' id='word_1_57' title='bbox 566 1077 661 1158; x_wconf 79' lang='lat' dir='ltr'><strong>igitur</strong></span> <span class='ocrx_word' id='word_1_58' title='bbox 683 1078 782 1140; x_wconf 79' lang='lat' dir='ltr'><strong>extitit</strong></span> <span class='ocrx_word' id='word_1_59' title='bbox 804 1093 866 1139; x_wconf 90' lang='lat' dir='ltr'><strong>una</strong></span> <span class='ocrx_word' id='word_1_60' title='bbox 889 1072 1040 1156; x_wconf 75' lang='lat' dir='ltr'><strong>quaedam</strong></span> <span class='ocrx_word' id='word_1_61' title='bbox 1062 1093 1125 1158; x_wconf 82' lang='lat' dir='ltr'><strong>pax</strong></span> <span class='ocrx_word' id='word_1_62' title='bbox 1147 1081 1179 1138; x_wconf 93' lang='lat' dir='ltr'><strong>et</strong></span> <span class='ocrx_word' id='word_1_63' title='bbox 1201 1091 1339 1138; x_wconf 87' lang='lat' dir='ltr'><strong>concor-</strong></span> 
     </span>
     <span class='ocr_line' id='line_1_9' title="bbox 199 1181 1377 1267; baseline 0.002 -21"><span class='ocrx_word' id='word_1_64' title='bbox 199 1181 250 1247; x_wconf 86' lang='lat' dir='ltr'><strong>dia</strong></span> <span class='ocrx_word' id='word_1_65' title='bbox 275 1185 408 1249; x_wconf 87' lang='lat' dir='ltr'><strong>omnium</strong></span> <span class='ocrx_word' id='word_1_66' title='bbox 431 1185 511 1249; x_wconf 89' lang='lat' dir='ltr'><strong>iutra</strong></span> <span class='ocrx_word' id='word_1_67' title='bbox 534 1183 673 1266; x_wconf 84' lang='lat' dir='ltr'><strong>pleroma</strong></span> <span class='ocrx_word' id='word_1_68' title='bbox 698 1200 848 1267; x_wconf 88' lang='lat' dir='ltr'><strong>aeonum,</strong></span> <span class='ocrx_word' id='word_1_69' title='bbox 881 1181 995 1264; x_wconf 91' lang='lat' dir='ltr'><strong>placuit</strong></span> <span class='ocrx_word' id='word_1_70' title='bbox 1016 1181 1054 1244; x_wconf 91' lang='lat' dir='ltr'><strong>iis</strong></span> <span class='ocrx_word' id='word_1_71' title='bbox 1077 1200 1140 1247; x_wconf 93' lang='lat' dir='ltr'><strong>non</strong></span> <span class='ocrx_word' id='word_1_72' title='bbox 1163 1182 1261 1246; x_wconf 89' lang='lat' dir='ltr'><strong>solum</strong></span> <span class='ocrx_word' id='word_1_73' title='bbox 1283 1199 1377 1263; x_wconf 81' lang='lat' dir='ltr'><strong>perso</strong></span> 
     </span>
     <span class='ocr_line' id='line_1_10' title="bbox 197 1288 1337 1375; baseline -0.001 -23"><span class='ocrx_word' id='word_1_74' title='bbox 197 1290 450 1371; x_wconf 76' lang='lat' dir='ltr'><strong>coniugationem</strong></span> <span class='ocrx_word' id='word_1_75' title='bbox 482 1290 727 1375; x_wconf 75' lang='lat' dir='ltr'><strong>magnificavissa</strong></span> <span class='ocrx_word' id='word_1_76' title='bbox 750 1289 853 1373; x_wconf 92' lang='lat' dir='ltr'><strong>illurn,</strong></span> <span class='ocrx_word' id='word_1_77' title='bbox 888 1305 995 1352; x_wconf 83' lang='lat' dir='ltr'><strong>verum</strong></span> <span class='ocrx_word' id='word_1_78' title='bbox 1024 1288 1222 1372; x_wconf 77' lang='lat' dir='ltr'><strong>magnificare</strong></span> <span class='ocrx_word' id='word_1_79' title='bbox 1246 1289 1337 1352; x_wconf 87' lang='lat' dir='ltr'><strong>etiarn</strong></span> 
     </span>
     <span class='ocr_line' id='line_1_11' title="bbox 197 1393 1338 1482; baseline 0.003 -25"><span class='ocrx_word' id='word_1_80' title='bbox 197 1411 254 1478; x_wconf 86' lang='lat' dir='ltr'><strong>par</strong></span> <span class='ocrx_word' id='word_1_81' title='bbox 274 1394 461 1459; x_wconf 88' lang='lat' dir='ltr'><strong>oblationem</strong></span> <span class='ocrx_word' id='word_1_82' title='bbox 483 1397 605 1482; x_wconf 80' lang='lat' dir='ltr'><strong>frugum</strong></span> <span class='ocrx_word' id='word_1_83' title='bbox 627 1406 766 1482; x_wconf 88' lang='lat' dir='ltr'><strong>aptarum</strong></span> <span class='ocrx_word' id='word_1_84' title='bbox 793 1395 884 1460; x_wconf 87' lang='lat' dir='ltr'><strong>Patri.</strong></span> <span class='ocrx_word' id='word_1_85' title='bbox 934 1393 1050 1459; x_wconf 83' lang='lat' dir='ltr'><strong>Omnes</strong></span> <span class='ocrx_word' id='word_1_86' title='bbox 1080 1396 1173 1480; x_wconf 81' lang='lat' dir='ltr'><strong>igitur</strong></span> <span class='ocrx_word' id='word_1_87' title='bbox 1198 1413 1338 1460; x_wconf 89' lang='lat' dir='ltr'><strong>consen-</strong></span> 
     </span>
     <span class='ocr_line' id='line_1_12' title="bbox 195 1501 1337 1586; baseline 0 -21"><span class='ocrx_word' id='word_1_88' title='bbox 195 1508 305 1565; x_wconf 88' lang='lat' dir='ltr'><strong>serunt</strong></span> <span class='ocrx_word' id='word_1_89' title='bbox 333 1501 457 1585; x_wconf 78' lang='lat' dir='ltr'><strong>triginta</strong></span> <span class='ocrx_word' id='word_1_90' title='bbox 488 1520 720 1567; x_wconf 83' lang='lat' dir='ltr'><strong>aeonesunum</strong></span> <span class='ocrx_word' id='word_1_91' title='bbox 742 1501 899 1586; x_wconf 87' lang='lat' dir='ltr'><strong>prolicere</strong></span> <span class='ocrx_word' id='word_1_92' title='bbox 922 1517 1053 1565; x_wconf 89' lang='lat' dir='ltr'><strong>aeonem</strong></span> <span class='ocrx_word' id='word_1_93' title='bbox 1078 1509 1224 1584; x_wconf 90' lang='lat' dir='ltr'><strong>tanquam</strong></span> <span class='ocrx_word' id='word_1_94' title='bbox 1246 1519 1337 1566; x_wconf 86' lang='lat' dir='ltr'><strong>corn·</strong></span> 
     </span>
     <span class='ocr_line' id='line_1_13' title="bbox 196 1607 1336 1694; baseline -0.003 -22"><span class='ocrx_word' id='word_1_95' title='bbox 196 1626 320 1674; x_wconf 89' lang='lat' dir='ltr'><strong>munem</strong></span> <span class='ocrx_word' id='word_1_96' title='bbox 348 1609 526 1692; x_wconf 75' lang='lat' dir='ltr'><strong>pleromatis</strong></span> <span class='ocrx_word' id='word_1_97' title='bbox 554 1609 706 1694; x_wconf 84' lang='lat' dir='ltr'><strong>fructum,</strong></span> <span class='ocrx_word' id='word_1_98' title='bbox 737 1616 772 1673; x_wconf 94' lang='lat' dir='ltr'><strong>ut</strong></span> <span class='ocrx_word' id='word_1_99' title='bbox 802 1615 889 1672; x_wconf 90' lang='lat' dir='ltr'><strong>esset</strong></span> <span class='ocrx_word' id='word_1_100' title='bbox 909 1607 1034 1671; x_wconf 88' lang='lat' dir='ltr'><strong>unitatis</strong></span> <span class='ocrx_word' id='word_1_101' title='bbox 1056 1607 1179 1672; x_wconf 90' lang='lat' dir='ltr'><strong>illorum</strong></span> <span class='ocrx_word' id='word_1_102' title='bbox 1201 1614 1233 1672; x_wconf 88' lang='lat' dir='ltr'><strong>et</strong></span> <span class='ocrx_word' id='word_1_103' title='bbox 1255 1624 1336 1670; x_wconf 91' lang='lat' dir='ltr'><strong>con-</strong></span> 
     </span>
     <span class='ocr_line' id='line_1_14' title="bbox 193 1713 1374 1800; baseline -0.002 -20"><span class='ocrx_word' id='word_1_104' title='bbox 193 1714 348 1780; x_wconf 85' lang='lat' dir='ltr'><strong>sensionis</strong></span> <span class='ocrx_word' id='word_1_105' title='bbox 374 1722 405 1779; x_wconf 89' lang='lat' dir='ltr'><strong>et</strong></span> <span class='ocrx_word' id='word_1_106' title='bbox 427 1718 512 1798; x_wconf 89' lang='lat' dir='ltr'><strong>pacis</strong></span> <span class='ocrx_word' id='word_1_107' title='bbox 533 1717 665 1800; x_wconf 74' lang='lat' dir='ltr'><strong>sigum.</strong></span> <span class='ocrx_word' id='word_1_108' title='bbox 708 1715 746 1780; x_wconf 87' lang='lat' dir='ltr'><strong>Et</strong></span> <span class='ocrx_word' id='word_1_109' title='bbox 765 1715 851 1779; x_wconf 90' lang='lat' dir='ltr'><strong>solus</strong></span> <span class='ocrx_word' id='word_1_110' title='bbox 874 1713 911 1779; x_wconf 94' lang='lat' dir='ltr'><strong>ah</strong></span> <span class='ocrx_word' id='word_1_111' title='bbox 936 1714 1077 1779; x_wconf 89' lang='lat' dir='ltr'><strong>omnibus</strong></span> <span class='ocrx_word' id='word_1_112' title='bbox 1093 1713 1374 1796; x_wconf 80' lang='lat' dir='ltr'><strong>aeonibuspro-at</strong></span> 
     </span>
     <span class='ocr_line' id='line_1_15' title="bbox 193 1817 1335 1907; baseline 0 -23"><span class='ocrx_word' id='word_1_113' title='bbox 193 1821 293 1884; x_wconf 89' lang='lat' dir='ltr'><strong>iectus</strong></span> <span class='ocrx_word' id='word_1_114' title='bbox 315 1820 395 1885; x_wconf 89' lang='lat' dir='ltr'><strong>Patri</strong></span> <span class='ocrx_word' id='word_1_115' title='bbox 416 1821 467 1885; x_wconf 90' lang='lat' dir='ltr'><strong>hic</strong></span> <span class='ocrx_word' id='word_1_116' title='bbox 488 1830 544 1907; x_wconf 89' lang='lat' dir='ltr'><strong>est,</strong></span> <span class='ocrx_word' id='word_1_117' title='bbox 567 1822 620 1903; x_wconf 92' lang='lat' dir='ltr'><strong>qui</strong></span> <span class='ocrx_word' id='word_1_118' title='bbox 643 1821 815 1906; x_wconf 91' lang='lat' dir='ltr'><strong>appellatur</strong></span> <span class='ocrx_word' id='word_1_119' title='bbox 837 1820 874 1886; x_wconf 91' lang='lat' dir='ltr'><strong>ab</strong></span> <span class='ocrx_word' id='word_1_120' title='bbox 898 1819 957 1885; x_wconf 88' lang='lat' dir='ltr'><strong>illis</strong></span> <span class='ocrx_word' id='word_1_121' title='bbox 977 1820 1153 1885; x_wconf 83' lang='lat' dir='ltr'><strong>Communis</strong></span> <span class='ocrx_word' id='word_1_122' title='bbox 1176 1817 1335 1901; x_wconf 89' lang='lat' dir='ltr'><strong>pleroma·</strong></span> 
     </span>
     <span class='ocr_line' id='line_1_16' title="bbox 193 1925 1333 2010; baseline 0.003 -23"><span class='ocrx_word' id='word_1_123' title='bbox 193 1927 233 1990; x_wconf 92' lang='lat' dir='ltr'><strong>tis</strong></span> <span class='ocrx_word' id='word_1_124' title='bbox 260 1925 387 1991; x_wconf 84' lang='lat' dir='ltr'><strong>fruetus.</strong></span> <span class='ocrx_word' id='word_1_125' title='bbox 437 1925 523 1995; x_wconf 73' lang='lat' dir='ltr'><strong>uaso</strong></span> <span class='ocrx_word' id='word_1_126' title='bbox 555 1928 649 2008; x_wconf 80' lang='lat' dir='ltr'><strong>igitur</strong></span> <span class='ocrx_word' id='word_1_127' title='bbox 678 1929 758 1993; x_wconf 90' lang='lat' dir='ltr'><strong>intra</strong></span> <span class='ocrx_word' id='word_1_128' title='bbox 785 1927 925 2010; x_wconf 89' lang='lat' dir='ltr'><strong>pleroma</strong></span> <span class='ocrx_word' id='word_1_129' title='bbox 953 1929 995 1992; x_wconf 90' lang='lat' dir='ltr'><strong>ita</strong></span> <span class='ocrx_word' id='word_1_130' title='bbox 1026 1933 1115 1991; x_wconf 88' lang='lat' dir='ltr'><strong>erant</strong></span> <span class='ocrx_word' id='word_1_131' title='bbox 1147 1931 1333 2008; x_wconf 86' lang='lat' dir='ltr'><strong>comparata.</strong></span> 
     </span>
     <span class='ocr_line' id='line_1_17' title="bbox 192 2028 1330 2117; baseline -0.003 -21"><span class='ocrx_word' id='word_1_132' title='bbox 192 2030 232 2096; x_wconf 82' lang='lat' dir='ltr'><strong>Et</strong></span> <span class='ocrx_word' id='word_1_133' title='bbox 252 2032 409 2114; x_wconf 89' lang='lat' dir='ltr'><strong>proiectus</strong></span> <span class='ocrx_word' id='word_1_134' title='bbox 433 2040 482 2095; x_wconf 90' lang='lat' dir='ltr'><strong>est</strong></span> <span class='ocrx_word' id='word_1_135' title='bbox 497 2029 674 2098; x_wconf 85' lang='lat' dir='ltr'><strong>Gomr&#39;nunis</strong></span> <span class='ocrx_word' id='word_1_136' title='bbox 697 2034 875 2116; x_wconf 74' lang='lat' dir='ltr'><strong>pleromatis</strong></span> <span class='ocrx_word' id='word_1_137' title='bbox 898 2031 1024 2117; x_wconf 87' lang='lat' dir='ltr'><strong>lructus,</strong></span> <span class='ocrx_word' id='word_1_138' title='bbox 1046 2031 1132 2096; x_wconf 91' lang='lat' dir='ltr'><strong>lesus</strong></span> <span class='ocrx_word' id='word_1_139' title='bbox 1156 2028 1228 2116; x_wconf 82' lang='lat' dir='ltr'><strong>(hoo</strong></span> <span class='ocrx_word' id='word_1_140' title='bbox 1250 2031 1330 2094; x_wconf 88' lang='lat' dir='ltr'><strong>enim</strong></span> 
     </span>
     <span class='ocr_line' id='line_1_18' title="bbox 192 2135 1334 2223; baseline -0.003 -21"><span class='ocrx_word' id='word_1_141' title='bbox 192 2156 306 2202; x_wconf 89' lang='lat' dir='ltr'><strong>nomen</strong></span> <span class='ocrx_word' id='word_1_142' title='bbox 328 2135 390 2223; x_wconf 81' lang='lat' dir='ltr'><strong>illi),</strong></span> <span class='ocrx_word' id='word_1_143' title='bbox 413 2139 554 2220; x_wconf 82' lang='lat' dir='ltr'><strong>pontifex</strong></span> <span class='ocrx_word' id='word_1_144' title='bbox 576 2157 716 2223; x_wconf 78' lang='lat' dir='ltr'><strong>magmis.</strong></span> <span class='ocrx_word' id='word_1_145' title='bbox 773 2139 860 2216; x_wconf 83' lang='lat' dir='ltr'><strong>Quae</strong></span> <span class='ocrx_word' id='word_1_146' title='bbox 890 2145 991 2204; x_wconf 89' lang='lat' dir='ltr'><strong>autem</strong></span> <span class='ocrx_word' id='word_1_147' title='bbox 1015 2144 1063 2204; x_wconf 90' lang='lat' dir='ltr'><strong>est</strong></span> <span class='ocrx_word' id='word_1_148' title='bbox 1086 2143 1174 2201; x_wconf 87' lang='lat' dir='ltr'><strong>extra</strong></span> <span class='ocrx_word' id='word_1_149' title='bbox 1195 2137 1334 2220; x_wconf 90' lang='lat' dir='ltr'><strong>pleroma</strong></span> 
     </span>
     <span class='ocr_line' id='line_1_19' title="bbox 190 2227 1373 2330; baseline -0.003 -20"><span class='ocrx_word' id='word_1_150' title='bbox 190 2243 305 2328; x_wconf 88' lang='lat' dir='ltr'><strong>Sophia</strong></span> <span class='ocrx_word' id='word_1_151' title='bbox 332 2245 496 2325; x_wconf 89' lang='lat' dir='ltr'><strong>requirens</strong></span> <span class='ocrx_word' id='word_1_152' title='bbox 525 2242 684 2328; x_wconf 78' lang='lat' dir='ltr'><strong>christum,</strong></span> <span class='ocrx_word' id='word_1_153' title='bbox 706 2243 759 2325; x_wconf 93' lang='lat' dir='ltr'><strong>qui</strong></span> <span class='ocrx_word' id='word_1_154' title='bbox 782 2247 940 2330; x_wconf 79' lang='lat' dir='ltr'><strong>formavit,</strong></span> <span class='ocrx_word' id='word_1_155' title='bbox 965 2254 997 2311; x_wconf 90' lang='lat' dir='ltr'><strong>et</strong></span> <span class='ocrx_word' id='word_1_156' title='bbox 1019 2227 1161 2328; x_wconf 84' lang='lat' dir='ltr'><strong>Spiritum</strong></span> <span class='ocrx_word' id='word_1_157' title='bbox 1184 2248 1373 2325; x_wconf 86' lang='lat' dir='ltr'><strong>sanctum,to</strong></span> 
     </span>
     <span class='ocr_line' id='line_1_20' title="bbox 190 2347 1334 2436; baseline -0.004 -23"><span class='ocrx_word' id='word_1_158' title='bbox 190 2350 222 2414; x_wconf 91' lang='lat' dir='ltr'><strong>in</strong></span> <span class='ocrx_word' id='word_1_159' title='bbox 238 2367 380 2432; x_wconf 80' lang='lat' dir='ltr'><strong>maguum</strong></span> <span class='ocrx_word' id='word_1_160' title='bbox 403 2358 517 2415; x_wconf 89' lang='lat' dir='ltr'><strong>metum</strong></span> <span class='ocrx_word' id='word_1_161' title='bbox 539 2350 680 2412; x_wconf 88' lang='lat' dir='ltr'><strong>coniecta</strong></span> <span class='ocrx_word' id='word_1_162' title='bbox 704 2354 759 2432; x_wconf 91' lang='lat' dir='ltr'><strong>est,</strong></span> <span class='ocrx_word' id='word_1_163' title='bbox 782 2371 823 2417; x_wconf 92' lang='lat' dir='ltr'><strong>ne</strong></span> <span class='ocrx_word' id='word_1_164' title='bbox 845 2354 961 2436; x_wconf 88' lang='lat' dir='ltr'><strong>periret</strong></span> <span class='ocrx_word' id='word_1_165' title='bbox 983 2367 1126 2416; x_wconf 90' lang='lat' dir='ltr'><strong>seorsum</strong></span> <span class='ocrx_word' id='word_1_166' title='bbox 1148 2347 1186 2411; x_wconf 88' lang='lat' dir='ltr'><strong>ah</strong></span> <span class='ocrx_word' id='word_1_167' title='bbox 1210 2365 1260 2424; x_wconf 90' lang='lat' dir='ltr'><strong>eo,</strong></span> <span class='ocrx_word' id='word_1_168' title='bbox 1281 2347 1334 2428; x_wconf 90' lang='lat' dir='ltr'><strong>qui</strong></span> 
     </span>
     <span class='ocr_line' id='line_1_21' title="bbox 189 2455 1333 2541; baseline -0.003 -20"><span class='ocrx_word' id='word_1_169' title='bbox 189 2455 385 2521; x_wconf 82' lang='lat' dir='ltr'><strong>formavisset</strong></span> <span class='ocrx_word' id='word_1_170' title='bbox 406 2473 477 2520; x_wconf 92' lang='lat' dir='ltr'><strong>sese</strong></span> <span class='ocrx_word' id='word_1_171' title='bbox 501 2462 532 2520; x_wconf 92' lang='lat' dir='ltr'><strong>et</strong></span> <span class='ocrx_word' id='word_1_172' title='bbox 553 2455 748 2524; x_wconf 86' lang='lat' dir='ltr'><strong>firmavisset.</strong></span> <span class='ocrx_word' id='word_1_173' title='bbox 803 2458 844 2524; x_wconf 86' lang='lat' dir='ltr'><strong>Et</strong></span> <span class='ocrx_word' id='word_1_174' title='bbox 863 2475 1018 2541; x_wconf 88' lang='lat' dir='ltr'><strong>maerore</strong></span> <span class='ocrx_word' id='word_1_175' title='bbox 1046 2456 1157 2520; x_wconf 87' lang='lat' dir='ltr'><strong>allecta</strong></span> <span class='ocrx_word' id='word_1_176' title='bbox 1179 2461 1226 2518; x_wconf 92' lang='lat' dir='ltr'><strong>est</strong></span> <span class='ocrx_word' id='word_1_177' title='bbox 1248 2459 1279 2517; x_wconf 90' lang='lat' dir='ltr'><strong>et</strong></span> <span class='ocrx_word' id='word_1_178' title='bbox 1301 2457 1333 2518; x_wconf 89' lang='lat' dir='ltr'><strong>in</strong></span> 
     </span>
     <span class='ocr_line' id='line_1_22' title="bbox 189 2559 1330 2648; baseline -0.004 -22"><span class='ocrx_word' id='word_1_179' title='bbox 189 2562 282 2628; x_wconf 90' lang='lat' dir='ltr'><strong>multa</strong></span> <span class='ocrx_word' id='word_1_180' title='bbox 305 2561 559 2626; x_wconf 72' lang='lat' dir='ltr'><strong>consternatione</strong></span> <span class='ocrx_word' id='word_1_181' title='bbox 588 2568 711 2628; x_wconf 81' lang='lat' dir='ltr'><strong>versata</strong></span> <span class='ocrx_word' id='word_1_182' title='bbox 723 2610 732 2646; x_wconf 95' lang='lat'><strong>,</strong></span> <span class='ocrx_word' id='word_1_183' title='bbox 764 2570 931 2648; x_wconf 89' lang='lat' dir='ltr'><strong>reputans,</strong></span> <span class='ocrx_word' id='word_1_184' title='bbox 965 2563 1032 2645; x_wconf 91' lang='lat' dir='ltr'><strong>quis</strong></span> <span class='ocrx_word' id='word_1_185' title='bbox 1062 2568 1145 2625; x_wconf 92' lang='lat' dir='ltr'><strong>esset</strong></span> <span class='ocrx_word' id='word_1_186' title='bbox 1171 2559 1330 2643; x_wconf 81' lang='lat' dir='ltr'><strong>formator,</strong></span> 
     </span>
     <span class='ocr_line' id='line_1_23' title="bbox 188 2663 1330 2754; baseline -0.004 -22"><span class='ocrx_word' id='word_1_187' title='bbox 188 2669 241 2750; x_wconf 91' lang='lat' dir='ltr'><strong>qui</strong></span> <span class='ocrx_word' id='word_1_188' title='bbox 272 2674 398 2732; x_wconf 87' lang='lat' dir='ltr'><strong>sanctus</strong></span> <span class='ocrx_word' id='word_1_189' title='bbox 425 2667 572 2753; x_wconf 86' lang='lat' dir='ltr'><strong>Spiritus,</strong></span> <span class='ocrx_word' id='word_1_190' title='bbox 603 2685 666 2750; x_wconf 91' lang='lat' dir='ltr'><strong>quo</strong></span> <span class='ocrx_word' id='word_1_191' title='bbox 691 2667 833 2754; x_wconf 85' lang='lat' dir='ltr'><strong>abiisset,</strong></span> <span class='ocrx_word' id='word_1_192' title='bbox 865 2669 933 2751; x_wconf 87' lang='lat' dir='ltr'><strong>quis</strong></span> <span class='ocrx_word' id='word_1_193' title='bbox 954 2667 1144 2749; x_wconf 88' lang='lat' dir='ltr'><strong>impediisset</strong></span> <span class='ocrx_word' id='word_1_194' title='bbox 1166 2663 1330 2748; x_wconf 92' lang='lat' dir='ltr'><strong>quominus</strong></span> 
     </span>
     <span class='ocr_line' id='line_1_24' title="bbox 188 2771 1367 2862; baseline -0.008 -23"><span class='ocrx_word' id='word_1_195' title='bbox 188 2773 330 2862; x_wconf 83' lang='lat' dir='ltr'><strong>adesset,</strong></span> <span class='ocrx_word' id='word_1_196' title='bbox 361 2773 429 2857; x_wconf 90' lang='lat' dir='ltr'><strong>quis</strong></span> <span class='ocrx_word' id='word_1_197' title='bbox 457 2773 617 2840; x_wconf 88' lang='lat' dir='ltr'><strong>invidisset</strong></span> <span class='ocrx_word' id='word_1_198' title='bbox 642 2775 789 2858; x_wconf 57' lang='lat' dir='ltr'><strong>pulcrum,</strong></span> <span class='ocrx_word' id='word_1_199' title='bbox 804 2773 879 2838; x_wconf 90' lang='lat' dir='ltr'><strong>illud</strong></span> <span class='ocrx_word' id='word_1_200' title='bbox 902 2780 933 2837; x_wconf 89' lang='lat' dir='ltr'><strong>et</strong></span> <span class='ocrx_word' id='word_1_201' title='bbox 954 2773 1087 2838; x_wconf 84' lang='lat' dir='ltr'><strong>divinum</strong></span> <span class='ocrx_word' id='word_1_202' title='bbox 1110 2771 1328 2856; x_wconf 88' lang='lat' dir='ltr'><strong>spectaculum.</strong></span> <span class='ocrx_word' id='word_1_203' title='bbox 1338 2779 1367 2829; x_wconf 79' lang='lat' dir='ltr'><strong>te</strong></span> 
     </span>
     <span class='ocr_line' id='line_1_25' title="bbox 181 2877 1329 2970; baseline -0.003 -24"><span class='ocrx_word' id='word_1_204' title='bbox 181 2879 220 2970; x_wconf 83' lang='lat' dir='ltr'><strong>¹ln</strong></span> <span class='ocrx_word' id='word_1_205' title='bbox 242 2880 290 2944; x_wconf 91' lang='lat' dir='ltr'><strong>his</strong></span> <span class='ocrx_word' id='word_1_206' title='bbox 312 2881 476 2944; x_wconf 89' lang='lat' dir='ltr'><strong>constituta</strong></span> <span class='ocrx_word' id='word_1_207' title='bbox 499 2878 657 2944; x_wconf 89' lang='lat' dir='ltr'><strong>allectihus</strong></span> <span class='ocrx_word' id='word_1_208' title='bbox 680 2879 808 2944; x_wconf 83' lang='lat' dir='ltr'><strong>vertitur</strong></span> <span class='ocrx_word' id='word_1_209' title='bbox 830 2881 861 2943; x_wconf 92' lang='lat' dir='ltr'><strong>in</strong></span> <span class='ocrx_word' id='word_1_210' title='bbox 882 2881 1093 2963; x_wconf 84' lang='lat' dir='ltr'><strong>precationem</strong></span> <span class='ocrx_word' id='word_1_211' title='bbox 1119 2887 1151 2944; x_wconf 91' lang='lat' dir='ltr'><strong>et</strong></span> <span class='ocrx_word' id='word_1_212' title='bbox 1170 2877 1329 2960; x_wconf 87' lang='lat' dir='ltr'><strong>supplica-</strong></span> 
     </span>
     <span class='ocr_line' id='line_1_26' title="bbox 187 2979 1328 3078; baseline -0.002 -30"><span class='ocrx_word' id='word_1_213' title='bbox 187 2979 303 3050; x_wconf 85' lang='lat' dir='ltr'><strong>tionem</strong></span> <span class='ocrx_word' id='word_1_214' title='bbox 325 2986 402 3070; x_wconf 90' lang='lat' dir='ltr'><strong>eius,</strong></span> <span class='ocrx_word' id='word_1_215' title='bbox 421 2985 474 3068; x_wconf 91' lang='lat' dir='ltr'><strong>qui</strong></span> <span class='ocrx_word' id='word_1_216' title='bbox 490 3003 563 3049; x_wconf 89' lang='lat' dir='ltr'><strong>sese</strong></span> <span class='ocrx_word' id='word_1_217' title='bbox 587 2984 811 3067; x_wconf 80' lang='lat' dir='ltr'><strong>dereliquisset</strong></span> <span class='ocrx_word' id='word_1_218' title='bbox 854 2985 1030 3078; x_wconf 70' lang='lat' dir='ltr'><strong>hecantem</strong></span> <span class='ocrx_word' id='word_1_219' title='bbox 1052 2984 1148 3068; x_wconf 83' lang='lat' dir='ltr'><strong>igitur</strong></span> <span class='ocrx_word' id='word_1_220' title='bbox 1168 2983 1248 3048; x_wconf 89' lang='lat' dir='ltr'><strong>illam</strong></span> <span class='ocrx_word' id='word_1_221' title='bbox 1267 2983 1328 3048; x_wconf 89' lang='lat' dir='ltr'><strong>mi·</strong></span> 
     </span>
     <span class='ocr_line' id='line_1_27' title="bbox 185 3091 1328 3175; baseline -0.003 -17"><span class='ocrx_word' id='word_1_222' title='bbox 185 3101 306 3158; x_wconf 86' lang='lat' dir='ltr'><strong>seratas</strong></span> <span class='ocrx_word' id='word_1_223' title='bbox 329 3098 377 3156; x_wconf 88' lang='lat' dir='ltr'><strong>est</strong></span> <span class='ocrx_word' id='word_1_224' title='bbox 402 3091 549 3175; x_wconf 83' lang='lat' dir='ltr'><strong>christus,</strong></span> <span class='ocrx_word' id='word_1_225' title='bbox 578 3092 631 3174; x_wconf 90' lang='lat' dir='ltr'><strong>qul</strong></span> <span class='ocrx_word' id='word_1_226' title='bbox 652 3093 732 3156; x_wconf 91' lang='lat' dir='ltr'><strong>intra</strong></span> <span class='ocrx_word' id='word_1_227' title='bbox 759 3091 898 3174; x_wconf 89' lang='lat' dir='ltr'><strong>pleroma</strong></span> <span class='ocrx_word' id='word_1_228' title='bbox 921 3096 987 3173; x_wconf 91' lang='lat' dir='ltr'><strong>est,</strong></span> <span class='ocrx_word' id='word_1_229' title='bbox 1016 3091 1191 3174; x_wconf 83' lang='lat' dir='ltr'><strong>reliquique</strong></span> <span class='ocrx_word' id='word_1_230' title='bbox 1220 3105 1328 3155; x_wconf 88' lang='lat' dir='ltr'><strong>omnes</strong></span> 
     </span>
     <span class='ocr_line' id='line_1_28' title="bbox 167 3195 1327 3280; baseline -0.005 -16"><span class='ocrx_word' id='word_1_231' title='bbox 167 3211 305 3264; x_wconf 85' lang='lat' dir='ltr'><strong>&#39;aeones</strong></span> <span class='ocrx_word' id='word_1_232' title='bbox 337 3204 369 3263; x_wconf 90' lang='lat' dir='ltr'><strong>et</strong></span> <span class='ocrx_word' id='word_1_233' title='bbox 396 3198 537 3263; x_wconf 88' lang='lat' dir='ltr'><strong>emittunt</strong></span> <span class='ocrx_word' id='word_1_234' title='bbox 564 3203 652 3262; x_wconf 87' lang='lat' dir='ltr'><strong>extra</strong></span> <span class='ocrx_word' id='word_1_235' title='bbox 673 3197 814 3280; x_wconf 88' lang='lat' dir='ltr'><strong>pleroma</strong></span> <span class='ocrx_word' id='word_1_236' title='bbox 836 3198 1035 3264; x_wconf 85' lang='lat' dir='ltr'><strong>Communem</strong></span> <span class='ocrx_word' id='word_1_237' title='bbox 1058 3195 1236 3279; x_wconf 87' lang='lat' dir='ltr'><strong>pleromatis</strong></span> <span class='ocrx_word' id='word_1_238' title='bbox 1257 3195 1327 3259; x_wconf 87' lang='lat' dir='ltr'><strong>lra-</strong></span> 
     </span>
    </p>
   </div>
   <div class='ocr_carea' id='block_1_3' title="bbox 186 3303 1496 3406">
    <p class='ocr_par' dir='ltr' id='par_1_4' title="bbox 186 3303 1496 3406">
     <span class='ocr_line' id='line_1_29' title="bbox 186 3303 1496 3406; baseline -0.003 -39"><span class='ocrx_word' id='word_1_239' title='bbox 186 3312 281 3406; x_wconf 81' lang='lat' dir='ltr'><strong>ctum,</strong></span> <span class='ocrx_word' id='word_1_240' title='bbox 305 3305 470 3388; x_wconf 80' lang='lat' dir='ltr'><strong>coniugem</strong></span> <span class='ocrx_word' id='word_1_241' title='bbox 501 3310 670 3367; x_wconf 83' lang='lat' dir='ltr'><strong>extraneae</strong></span> <span class='ocrx_word' id='word_1_242' title='bbox 693 3303 828 3386; x_wconf 88' lang='lat' dir='ltr'><strong>Sophiae</strong></span> <span class='ocrx_word' id='word_1_243' title='bbox 850 3312 883 3371; x_wconf 92' lang='lat' dir='ltr'><strong>et</strong></span> <span class='ocrx_word' id='word_1_244' title='bbox 904 3311 1116 3372; x_wconf 83' lang='lat' dir='ltr'><strong>correctorem</strong></span> <span class='ocrx_word' id='word_1_245' title='bbox 1138 3304 1366 3388; x_wconf 83' lang='lat' dir='ltr'><strong>passionum,so</strong></span> <span class='ocrx_word' id='word_1_246' title='bbox 1490 3350 1496 3363; x_wconf 83' lang='grc'><strong><em>,</em></strong></span> 
     </span>
    </p>
   </div>
   <div class='ocr_carea' id='block_1_4' title="bbox 183 3410 1364 4023">
    <p class='ocr_par' dir='ltr' id='par_1_5' title="bbox 183 3410 1364 4023">
     <span class='ocr_line' id='line_1_30' title="bbox 186 3410 1328 3495; baseline 0 -22"><span class='ocrx_word' id='word_1_247' title='bbox 186 3425 263 3490; x_wconf 70' lang='lat' dir='ltr'><strong>qun</strong></span> <span class='ocrx_word' id='word_1_248' title='bbox 286 3426 437 3492; x_wconf 87' lang='lat' dir='ltr'><strong>perpessa</strong></span> <span class='ocrx_word' id='word_1_249' title='bbox 459 3416 505 3472; x_wconf 90' lang='lat' dir='ltr'><strong>est</strong></span> <span class='ocrx_word' id='word_1_250' title='bbox 527 3411 691 3492; x_wconf 88' lang='lat' dir='ltr'><strong>requirens</strong></span> <span class='ocrx_word' id='word_1_251' title='bbox 713 3411 876 3476; x_wconf 84' lang='lat' dir='ltr'><strong>Christum.</strong></span> <span class='ocrx_word' id='word_1_252' title='bbox 927 3411 1083 3495; x_wconf 78' lang='lat' dir='ltr'><strong>Egressus</strong></span> <span class='ocrx_word' id='word_1_253' title='bbox 1102 3411 1196 3494; x_wconf 78' lang='lat' dir='ltr'><strong>igitur</strong></span> <span class='ocrx_word' id='word_1_254' title='bbox 1216 3429 1234 3475; x_wconf 91' lang='lat' dir='ltr'><strong>e</strong></span> <span class='ocrx_word' id='word_1_255' title='bbox 1256 3410 1328 3493; x_wconf 92' lang='lat' dir='ltr'><strong>ple·-</strong></span> 
     </span>
     <span class='ocr_line' id='line_1_31' title="bbox 185 3514 1325 3601; baseline -0.001 -21"><span class='ocrx_word' id='word_1_256' title='bbox 185 3525 305 3580; x_wconf 88' lang='lat' dir='ltr'><strong>romate</strong></span> <span class='ocrx_word' id='word_1_257' title='bbox 328 3514 503 3581; x_wconf 82' lang='lat' dir='ltr'><strong>Communis</strong></span> <span class='ocrx_word' id='word_1_258' title='bbox 530 3517 710 3598; x_wconf 89' lang='lat' dir='ltr'><strong>pleromatis</strong></span> <span class='ocrx_word' id='word_1_259' title='bbox 737 3518 852 3582; x_wconf 86' lang='lat' dir='ltr'><strong>tructus</strong></span> <span class='ocrx_word' id='word_1_260' title='bbox 882 3535 952 3581; x_wconf 89' lang='lat' dir='ltr'><strong>cum</strong></span> <span class='ocrx_word' id='word_1_261' title='bbox 974 3519 1164 3601; x_wconf 86' lang='lat' dir='ltr'><strong>repperisset</strong></span> <span class='ocrx_word' id='word_1_262' title='bbox 1193 3516 1274 3581; x_wconf 91' lang='lat' dir='ltr'><strong>illam</strong></span> <span class='ocrx_word' id='word_1_263' title='bbox 1294 3515 1325 3581; x_wconf 91' lang='lat' dir='ltr'><strong>in</strong></span> 
     </span>
     <span class='ocr_line' id='line_1_32' title="bbox 185 3621 1326 3710; baseline 0.001 -25"><span class='ocrx_word' id='word_1_264' title='bbox 185 3627 329 3703; x_wconf 89' lang='lat' dir='ltr'><strong>quattuor</strong></span> <span class='ocrx_word' id='word_1_265' title='bbox 359 3621 465 3704; x_wconf 88' lang='lat' dir='ltr'><strong>primis</strong></span> <span class='ocrx_word' id='word_1_266' title='bbox 496 3621 676 3710; x_wconf 84' lang='lat' dir='ltr'><strong>affectibus,</strong></span> <span class='ocrx_word' id='word_1_267' title='bbox 709 3629 740 3688; x_wconf 93' lang='lat' dir='ltr'><strong>et</strong></span> <span class='ocrx_word' id='word_1_268' title='bbox 761 3629 845 3688; x_wconf 89' lang='lat' dir='ltr'><strong>metu</strong></span> <span class='ocrx_word' id='word_1_269' title='bbox 866 3628 897 3686; x_wconf 90' lang='lat' dir='ltr'><strong>et</strong></span> <span class='ocrx_word' id='word_1_270' title='bbox 920 3639 1062 3688; x_wconf 89' lang='lat' dir='ltr'><strong>maerore</strong></span> <span class='ocrx_word' id='word_1_271' title='bbox 1084 3628 1116 3686; x_wconf 90' lang='lat' dir='ltr'><strong>et</strong></span> <span class='ocrx_word' id='word_1_272' title='bbox 1137 3628 1326 3688; x_wconf 85' lang='lat' dir='ltr'><strong>consterna·</strong></span> 
     </span>
     <span class='ocr_line' id='line_1_33' title="bbox 185 3727 1325 3814; baseline 0 -24"><span class='ocrx_word' id='word_1_273' title='bbox 185 3729 269 3790; x_wconf 88' lang='lat' dir='ltr'><strong>tione</strong></span> <span class='ocrx_word' id='word_1_274' title='bbox 293 3734 324 3790; x_wconf 93' lang='lat' dir='ltr'><strong>et</strong></span> <span class='ocrx_word' id='word_1_275' title='bbox 346 3727 543 3810; x_wconf 89' lang='lat' dir='ltr'><strong>precatione,</strong></span> <span class='ocrx_word' id='word_1_276' title='bbox 566 3730 704 3793; x_wconf 85' lang='lat' dir='ltr'><strong>correxit</strong></span> <span class='ocrx_word' id='word_1_277' title='bbox 727 3729 908 3793; x_wconf 84' lang='lat' dir='ltr'><strong>affectiones</strong></span> <span class='ocrx_word' id='word_1_278' title='bbox 929 3727 1017 3814; x_wconf 86' lang='lat' dir='ltr'><strong>elus,</strong></span> <span class='ocrx_word' id='word_1_279' title='bbox 1038 3730 1200 3812; x_wconf 82' lang='lat' dir='ltr'><strong>corrigens</strong></span> <span class='ocrx_word' id='word_1_280' title='bbox 1224 3734 1325 3792; x_wconf 88' lang='lat' dir='ltr'><strong>autem</strong></span> 
     </span>
     <span class='ocr_line' id='line_1_34' title="bbox 185 3817 1364 3919; baseline 0.003 -23"><span class='ocrx_word' id='word_1_281' title='bbox 185 3817 309 3899; x_wconf 85' lang='lat' dir='ltr'><strong>ridebat</strong></span> <span class='ocrx_word' id='word_1_282' title='bbox 331 3835 458 3898; x_wconf 88' lang='lat' dir='ltr'><strong>interire</strong></span> <span class='ocrx_word' id='word_1_283' title='bbox 480 3833 558 3919; x_wconf 91' lang='lat' dir='ltr'><strong>illas,</strong></span> <span class='ocrx_word' id='word_1_284' title='bbox 581 3854 662 3916; x_wconf 90' lang='lat' dir='ltr'><strong>quae</strong></span> <span class='ocrx_word' id='word_1_285' title='bbox 685 3845 830 3899; x_wconf 88' lang='lat' dir='ltr'><strong>aeternae</strong></span> <span class='ocrx_word' id='word_1_286' title='bbox 847 3841 953 3898; x_wconf 88' lang='lat' dir='ltr'><strong>esseut</strong></span> <span class='ocrx_word' id='word_1_287' title='bbox 973 3841 1004 3898; x_wconf 91' lang='lat' dir='ltr'><strong>et</strong></span> <span class='ocrx_word' id='word_1_288' title='bbox 1019 3833 1164 3917; x_wconf 88' lang='lat' dir='ltr'><strong>propriae</strong></span> <span class='ocrx_word' id='word_1_289' title='bbox 1180 3831 1364 3916; x_wconf 71' lang='lat' dir='ltr'><strong>sophiaque</strong></span> 
     </span>
     <span class='ocr_line' id='line_1_35' title="bbox 183 3937 1325 4023; baseline -0.004 -21"><span class='ocrx_word' id='word_1_290' title='bbox 183 3957 247 4004; x_wconf 90' lang='lat' dir='ltr'><strong>non</strong></span> <span class='ocrx_word' id='word_1_291' title='bbox 270 3937 394 4023; x_wconf 89' lang='lat' dir='ltr'><strong>decere,</strong></span> <span class='ocrx_word' id='word_1_292' title='bbox 417 3958 520 4022; x_wconf 89' lang='lat' dir='ltr'><strong>neque</strong></span> <span class='ocrx_word' id='word_1_293' title='bbox 532 3940 562 4002; x_wconf 90' lang='lat' dir='ltr'><strong>in</strong></span> <span class='ocrx_word' id='word_1_294' title='bbox 575 3939 790 4004; x_wconf 88' lang='lat' dir='ltr'><strong>allectionibus</strong></span> <span class='ocrx_word' id='word_1_295' title='bbox 807 3957 878 4004; x_wconf 91' lang='lat' dir='ltr'><strong>esse</strong></span> <span class='ocrx_word' id='word_1_296' title='bbox 896 3939 1040 4021; x_wconf 88' lang='lat' dir='ltr'><strong>Sophiam</strong></span> <span class='ocrx_word' id='word_1_297' title='bbox 1055 3937 1279 4020; x_wconf 88' lang='lat' dir='ltr'><strong>huiuscemodi,</strong></span> <span class='ocrx_word' id='word_1_298' title='bbox 1293 3937 1325 3999; x_wconf 89' lang='lat' dir='ltr'><strong>in</strong></span> 
     </span>
    </p>
   </div>
   <div class='ocr_carea' id='block_1_5' title="bbox 54 4044 1323 4132">
    <p class='ocr_par' dir='ltr' id='par_1_6' title="bbox 54 4044 1323 4132">
     <span class='ocr_line' id='line_1_36' title="bbox 54 4044 1323 4132; baseline -0.002 -24"><span class='ocrx_word' id='word_1_299' title='bbox 54 4079 57 4084; x_wconf 68' lang='lat'><strong>,</strong></span> <span class='ocrx_word' id='word_1_300' title='bbox 183 4053 267 4108; x_wconf 88' lang='lat' dir='ltr'><strong>metu</strong></span> <span class='ocrx_word' id='word_1_301' title='bbox 289 4053 321 4108; x_wconf 94' lang='lat' dir='ltr'><strong>et</strong></span> <span class='ocrx_word' id='word_1_302' title='bbox 343 4063 505 4132; x_wconf 90' lang='lat' dir='ltr'><strong>maerore,</strong></span> <span class='ocrx_word' id='word_1_303' title='bbox 528 4047 772 4128; x_wconf 87' lang='lat' dir='ltr'><strong>supplicatione,</strong></span> <span class='ocrx_word' id='word_1_304' title='bbox 799 4046 1060 4109; x_wconf 88' lang='lat' dir='ltr'><strong>consternatione.</strong></span> <span class='ocrx_word' id='word_1_305' title='bbox 1115 4044 1199 4109; x_wconf 84' lang='lat' dir='ltr'><strong>Fecit</strong></span> <span class='ocrx_word' id='word_1_306' title='bbox 1222 4044 1323 4124; x_wconf 80' lang='lat' dir='ltr'><strong>igitur,</strong></span> 
     </span>
    </p>
   </div>
   <div class='ocr_carea' id='block_1_6' title="bbox 180 4191 1324 4360">
    <p class='ocr_par' dir='ltr' id='par_1_7' title="bbox 180 4191 1324 4360">
     <span class='ocr_line' id='line_1_37' title="bbox 183 4191 1324 4269; baseline -0.003 -19"><span class='ocrx_word' id='word_1_307' title='bbox 183 4191 251 4250; x_wconf 81' lang='lat' dir='ltr'><strong>Post</strong></span> <span class='ocrx_word' id='word_1_308' title='bbox 267 4195 370 4268; x_wconf 70' lang='lat' dir='ltr'><strong>clericas</strong></span> <span class='ocrx_word' id='word_1_309' title='bbox 386 4195 521 4253; x_wconf 82' lang='lat' dir='ltr'><strong>exciderit</strong></span> <span class='ocrx_word' id='word_1_310' title='bbox 537 4195 682 4269; x_wconf 70' lang='lat' dir='ltr'><strong>aspector.</strong></span> <span class='ocrx_word' id='word_1_311' title='bbox 796 4195 842 4250; x_wconf 83' lang='lat' dir='ltr'><strong>ts.</strong></span> <span class='ocrx_word' id='word_1_312' title='bbox 858 4194 926 4267; x_wconf 73' lang='lat' dir='ltr'><strong>unt]</strong></span> <span class='ocrx_word' id='word_1_313' title='bbox 940 4193 1013 4252; x_wconf 71' lang='lat' dir='ltr'><strong>linat</strong></span> <span class='ocrx_word' id='word_1_314' title='bbox 1030 4192 1053 4251; x_wconf 85' lang='lat' dir='ltr'>C</span> <span class='ocrx_word' id='word_1_315' title='bbox 1139 4195 1183 4249; x_wconf 84' lang='grc'><strong>79.</strong></span> <span class='ocrx_word' id='word_1_316' title='bbox 1207 4193 1253 4248; x_wconf 86' lang='grc'><strong>80.</strong></span> <span class='ocrx_word' id='word_1_317' title='bbox 1275 4211 1324 4248; x_wconf 77' lang='lat' dir='ltr'><strong>aa·</strong></span> 
     </span>
     <span class='ocr_line' id='line_1_38' title="bbox 180 4285 1324 4360; baseline -0.003 -17"><span class='ocrx_word' id='word_1_318' title='bbox 180 4285 349 4343; x_wconf 71' lang='grc' dir='ltr'>θιωιῶσαῦ</span> <span class='ocrx_word' id='word_1_319' title='bbox 462 4289 508 4344; x_wconf 86' lang='grc'><strong>86.</strong></span> <span class='ocrx_word' id='word_1_320' title='bbox 526 4285 601 4343; x_wconf 81' lang='lat' dir='ltr'><strong>Ante</strong></span> <span class='ocrx_word' id='word_1_321' title='bbox 617 4285 722 4360; x_wconf 80' lang='grc' dir='ltr'><strong><em>καρπός</em></strong></span> <span class='ocrx_word' id='word_1_322' title='bbox 745 4285 881 4344; x_wconf 81' lang='lat' dir='ltr'><strong>excidisse</strong></span> <span class='ocrx_word' id='word_1_323' title='bbox 906 4287 1015 4343; x_wconf 83' lang='lat' dir='ltr'><strong>ridetur</strong></span> <span class='ocrx_word' id='word_1_324' title='bbox 1043 4287 1057 4342; x_wconf 79' lang='grc' dir='ltr'>ὅ</span> <span class='ocrx_word' id='word_1_325' title='bbox 1081 4285 1171 4348; x_wconf 75' lang='grc' dir='ltr'><strong>κοινὸς</strong></span> <span class='ocrx_word' id='word_1_326' title='bbox 1193 4285 1237 4340; x_wconf 77' lang='grc' dir='ltr'><strong>τοῦ</strong></span> <span class='ocrx_word' id='word_1_327' title='bbox 1260 4287 1324 4352; x_wconf 72' lang='lat' dir='ltr'><strong>nta-</strong></span> 
     </span>
    </p>
   </div>
   <div class='ocr_carea' id='block_1_7' title="bbox 180 4371 893 4456">
    <p class='ocr_par' dir='ltr' id='par_1_8' title="bbox 180 4371 893 4456">
     <span class='ocr_line' id='line_1_39' title="bbox 180 4371 893 4456; baseline -0.006 -20"><span class='ocrx_word' id='word_1_328' title='bbox 180 4377 304 4456; x_wconf 75' lang='lat' dir='ltr'><strong>puipaarer</strong></span> <span class='ocrx_word' id='word_1_329' title='bbox 422 4378 469 4436; x_wconf 85' lang='grc'><strong>87.</strong></span> <span class='ocrx_word' id='word_1_330' title='bbox 486 4378 533 4434; x_wconf 87' lang='grc'><strong>88.</strong></span> <span class='ocrx_word' id='word_1_331' title='bbox 553 4371 761 4451; x_wconf 60' lang='lat' dir='ltr'><strong>comesset}</strong></span> <span class='ocrx_word' id='word_1_332' title='bbox 889 4423 893 4432; x_wconf 86' lang='grc'><em>,</em></span> 
     </span>
    </p>
   </div>
   <div class='ocr_carea' id='block_1_8' title="bbox 0 0 1532 4970">
    <p class='ocr_par' dir='ltr' id='par_1_9' title="bbox 0 0 1532 4970">
     <span class='ocr_line' id='line_1_40' title="bbox 0 0 1532 4970; baseline 0 8"><span class='ocrx_word' id='word_1_333' title='bbox 0 0 1532 4970; x_wconf 95' lang='lat' dir='ltr'><strong> </strong></span> 
     </span>
    </p>
   </div>
  </div>
 </body>
</html>
