3006 4976
613 320 775 380 rudiarii.
1204 315 1259 381 lli

122 501 192 546 oum
207 490 353 549 accurate
368 483 499 547 reddent
514 485 691 570 myriadum,
715 487 852 551 similiter
866 495 956 552 erunt
972 505 1089 552 monas.
1123 489 1302 554 idouadisot

123 596 307 672 antem‘por
330 591 527 654 indivisorum
552 594 811 673 comparationem
835 595 960 678 cognati
982 598 1099 658 numeri
1118 613 1263 676 compre-

123 693 316 759 henduntur:
341 695 371 780 3,
395 697 424 777 5,
447 697 477 779 7,
495 696 525 761 9.
568 697 623 761 Est
645 703 746 761 autam
770 701 861 762 etiam
883 701 959 764 atius
981 703 1101 764 numeri
1119 703 1263 782 cognatio

121 799 161 862 ad
191 801 354 863 monadem
384 802 551 864 naturalior
582 804 749 866 seeundum
781 804 959 885 sextuplicis
989 806 1072 870 orbis
1100 807 1263 892 rationem,

123 906 247 989 dyadis,
271 906 438 970 secundum
462 908 600 988 parilium
622 911 788 989 posituram
808 928 1003 974 numerorum
1023 919 1054 974 et
1070 913 1262 978 divisionem.

122 1012 284 1094 Cognatas
313 1022 412 1076 autem
442 1020 489 1076 eet
517 1031 661 1076 numerus
685 1016 703 1078 i
727 1023 756 1077 et
780 1015 810 1080 8.
865 1017 949 1080 idaea
971 1023 1072 1080 autem
1096 1065 1262 1082 ......
1271 1041 1302 1089 ro

122 1161 451 1184 ...........
475 1137 643 1202 progressa
666 1129 857 1204 saniusque
880 1123 918 1186 ad
941 1132 1084 1204 quattuor
1102 1123 1263 1207 elementa,

122 1221 194 1284 dico
220 1217 320 1291 autom
349 1223 472 1302 spiritus
494 1231 525 1286 et
551 1223 632 1306 ignis
654 1241 816 1305 aquaeque
840 1231 871 1287 et
893 1233 1008 1309 terrae,
1039 1244 1078 1288 ex
1101 1225 1210 1306 quihus
1232 1234 1264 1289 et

122 1329 260 1392 coniecit
284 1327 425 1392 mundum
450 1336 480 1390 et
503 1329 826 1394 masculo-femineum
850 1349 919 1395 euro
942 1331 1120 1415 adornavit,
1147 1338 1179 1394 et
1200 1331 1262 1395 duo

121 1435 249 1514 quidem
273 1433 425 1496 elementa
450 1435 487 1498 ad
510 1437 651 1515 superius
678 1435 934 1517 hemisphaerium
959 1437 1136 1502 destinavit:
1167 1438 1261 1518 spiri-

121 1550 186 1604 tum
210 1541 391 1624 ignemque,
415 1548 442 1603 et
466 1548 594 1604 vocatur
616 1541 676 1604 hoo
698 1541 951 1625 hemisphaerium
977 1545 1115 1608 monadis
1138 1545 1301 1615 bened-ru

120 1664 256 1727 cumque
286 1653 315 1708 at
345 1664 465 1710 sursum
496 1665 631 1726 vergens
661 1655 692 1710 et
721 1649 935 1726 masculinum3
970 1667 1037 1712 oum
1067 1650 1148 1713 enim
1179 1653 1262 1714 tenui

122 1759 232 1814 natura
263 1753 300 1813 sit
330 1765 453 1835 monas,
484 1753 610 1816 eiiertur
632 1753 662 1813 in
685 1755 892 1818 tenuissimam
916 1763 948 1818 et
969 1755 1161 1836 purissimam
1189 1775 1264 1837 par·

121 1868 186 1922 tem
216 1858 366 1936 aetheris;
399 1860 578 1940 reliquaque
606 1859 667 1922 duo
697 1860 866 1943 elementa,
898 1879 978 1941 quae
1007 1867 1079 1923 sunt
1106 1860 1262 1943 densiora,

122 1965 261 2028 attribuit
278 1965 384 2046 dyadi:
408 1973 582 2047 terramque
600 1972 629 2029 et
649 1984 772 2050 aquam,
796 1973 827 2029 ot
842 1975 971 2030 vocatur
987 1966 1048 2029 hoo
1065 1966 1263 2048 hemisphae-

122 2071 201 2132 rium
233 2070 376 2134 deorsum
407 2089 543 2154 vergens
572 2071 798 2153 femineumque
827 2080 857 2135 et
889 2071 1067 2136 maleficum.
1130 2073 1168 2136 Et
1196 2074 1300 2154 ipsaso

122 2195 201 2239 vero
224 2193 331 2240 rursus
354 2177 515 2257 superiora
539 2176 599 2240 duo
624 2177 775 2241 elementa
798 2179 878 2242 inter
899 2197 934 2242 se
953 2187 1128 2260 comparata
1147 2179 1262 2244 hahent

120 2284 153 2344 in
177 2299 213 2344 se
237 2283 403 2345 masculum
427 2289 458 2344 et
481 2281 644 2346 femineum
669 2283 706 2347 ad
732 2284 914 2348 fertilitatem
932 2292 962 2348 et
978 2286 1166 2348 incramenta
1191 2286 1262 2348 uni-

123 2403 294 2450 versorum.
339 2387 376 2450 Et
398 2388 478 2470 iguis
496 2387 618 2468 quidem
634 2389 798 2453 masculum
816 2397 876 2474 est,
899 2391 1023 2470 spiritus
1046 2399 1146 2454 autent
1169 2391 1261 2454 iomi-

121 2512 231 2576 neum,
265 2501 296 2556 et
321 2511 428 2557 rursus
457 2511 535 2575 aqua
563 2495 728 2560 musonium
757 2502 820 2579 est,
853 2503 935 2559 terra
960 2504 1060 2560 autem
1084 2497 1259 2560 femineum.

119 2600 160 2662 Et
183 2602 224 2662 ita
248 2619 273 2662 a·
290 2601 441 2681 principio
459 2601 621 2662 consuevit
644 2603 724 2684 ignis
742 2619 809 2662 eum
828 2601 949 2683 spiritu,
973 2620 1042 2664 oum
1059 2609 1142 2663 terra
1159 2607 1299 2664 autemst

121 2723 212 2786 agua.
264 2707 357 2770 Sicuti
382 2705 461 2768 euim
486 2707 621 2786 potentia
644 2707 766 2786 spiritus
790 2714 838 2768 est
861 2705 953 2786 ignis,
983 2707 1023 2768 ita
1047 2706 1137 2768 etiam
1159 2713 1261 2770 terras

120 2831 201 2894 aqua
226 2860 234 2875 .
260 2860 267 2875 .
291 2859 331 2876 ..
384 2812 421 2874 iit
449 2813 514 2892 ipsa
543 2827 620 2874 vero
652 2810 803 2872 oiementa
834 2817 1006 2890 computata
1036 2817 1067 2872 et
1095 2810 1191 2874 diuisa
1222 2827 1262 2872 err

121 2919 331 2982 subtractione
367 2917 539 2980 enneadum
569 2916 712 2979 desinunt
739 2915 863 2996 proprie
894 2917 1000 2996 partim
1032 2917 1062 2977 in
1094 2915 1261 2978 masculum

121 3042 295 3104 nnmerum,
320 3025 426 3104 partim
445 3031 545 3086 autem
563 3023 593 3084 in
612 3021 786 3086 femineum.
831 3020 1022 3086 Subtrahitur
1040 3029 1139 3083 autam
1154 3039 1260 3086 rursus

121 3149 238 3193 enneas
264 3149 321 3212 per
346 3130 424 3193 hano
447 3147 589 3192 causam:
618 3135 783 3210 propteroa
808 3127 889 3208 quod
917 3134 1075 3190 trecentae
1098 3129 1299 3210 sexagintaso

121 3209 204 3319 quad
231 3245 301 3300 sunt
328 3236 464 3299 universi
491 3243 594 3316 partes
618 3253 658 3296 ex
683 3235 872 3298 enneadihus
898 3241 1040 3297 constant
1067 3234 1105 3295 oh
1130 3251 1261 3314 eamque

120 3359 245 3406 oausam
269 3349 414 3422 quattuor
437 3357 516 3420 quae
539 3346 610 3402 sunt
631 3341 779 3422 regiones
803 3340 906 3403 mundi
929 3342 1097 3422 nonaginta
1124 3340 1259 3421 partibus

120 3448 369 3529 circumscriptae
396 3454 466 3509 sunt
493 3445 648 3526 perfectis.
698 3445 919 3526 Appropriatus
943 3453 1044 3508 autem
1067 3451 1114 3508 est
1136 3445 1260 3508 monadi

119 3554 217 3636 ignis,
248 3551 341 3634 dyadi
364 3561 464 3615 autem
491 3559 561 3613 sunt
584 3551 747 3631 tenebrae,
780 3560 889 3632 estque
911 3551 971 3613 iuoi
993 3569 1034 3613 ex
1056 3559 1164 3614 natura
1187 3554 1257 3631 vita,

121 3657 213 3739 dyadi
236 3665 336 3720 autem
358 3675 454 3739 mors,
485 3664 516 3719 et
538 3658 618 3718 vitae
642 3655 764 3736 quidem
787 3657 916 3737 iustitia,
947 3657 1037 3719 morti
1061 3664 1160 3720 antem
1183 3670 1299 3739 pra-at

120 3765 208 3828 vitas.
272 3763 477 3837 Quamobrem
508 3761 651 3842 quioquid
684 3768 786 3824 natum
816 3769 863 3826 est
891 3763 921 3824 in
952 3761 1111 3826 masculis-
1124 3763 1259 3828 numeris

120 3869 291 3932 henoticum
316 3875 377 3952 est,
409 3868 440 3930 in
465 3867 617 3930 femininis
640 3873 739 3930 autem
767 3865 935 3931 maleficum
959 3873 1023 3950 ast,
1054 3866 1147 3930 veluti
1170 3885 1259 3932 oom-

119 4081 150 4127 et
166 4071 228 4126 καθ’
242 4070 384 4142 ὑφαίρεσιν
400 4069 520 4124 meam
536 4069 635 4124 lacuna
654 4087 716 4124 esso
733 4070 848 4134 ridetur,
867 4071 929 4142 quia
946 4069 973 4123 in
988 4071 1175 4141 superioribus
1191 4072 1259 4126 nihil

119 4165 155 4218 de
174 4163 305 4218 enneadis
324 4163 429 4216 ratione
449 4161 548 4214 dietum
569 4171 611 4216 est
629 4159 673 4216 M:
699 4161 747 4215 aad
767 4162 803 4216 oi.
823 4178 904 4233 supra
924 4162 1033 4232 cupid
1146 4165 1173 4215 2.
1193 4163 1259 4216 cira-

117 4255 237 4322 lnaipaeva
254 4252 412 4324 Roeportrtt:
437 4251 611 4323 ‹inodoo'pttru
630 4249 651 4306 C
669 4250 699 4306 Μ
770 4250 915 4307 traduat}
987 4253 1055 4323 λέγει
1073 4254 1259 4324 οἶκειώσαμένη

117 4349 155 4407 εἰς
173 4342 209 4399 C:
232 4347 313 4416 tipo·
332 4345 465 4398 ommam
483 4340 500 4396 ἃ
517 4344 569 4414 μὲν
586 4347 622 4404 εἰς
638 4340 669 4396 Μ
782 4344 808 4398 3.
828 4343 895 4409 θῆλυ
918 4341 955 4396 C:
980 4341 1063 4407 θῆλυν
1087 4340 1116 4395 Μ
1231 4344 1257 4396 6.

115 4437 221 4506 dempta
240 4433 397 4504 Roeperus:
416 4434 490 4505 ἔτερα
509 4431 572 4488 CM
629 4435 655 4486 7.
675 4430 914 4504 npooatxsiormC
968 4435 994 4486 9.
1013 4432 1065 4504 ζωῇ
1082 4431 1108 4500 ἡ]
1128 4431 1179 4504 ζωῇ
1198 4429 1259 4486 CM
