3050 4988
692 335 839 392 diacus
1269 327 1333 392 323

186 496 355 580 Propterea
388 504 489 563 autem
525 505 557 561 et
583 497 682 563 David
713 501 755 563 ait
788 500 923 563 dixisse:
960 481 1013 562 Ec
1044 517 1099 562 ore
1120 496 1283 576 infantium
1305 503 1338 558 et

188 608 364 670 lactentium
383 606 545 688 perfecisti
564 607 695 685 madan,
719 613 749 670 et
772 625 897 671 rursus:
928 607 1016 670 Oceli
1039 613 1190 670 manant
1205 607 1377 687 pariana

188 713 248 776 dei.
293 713 423 788 Quando
452 718 555 776 autem
585 714 616 775 in
645 715 800 777 aerumnis
835 713 1008 778 versabitur
1039 715 1156 798 anima,
1191 712 1341 777 exclamat

187 817 261 882 nihil
290 820 371 884 aliud
402 820 461 884 nisi
491 821 537 904 Ω,
572 822 822 902 quandoquidem
857 823 1028 904 cruciatur,
1059 829 1092 885 ut
1120 821 1233 903 anima,
1261 838 1341 902 quae

187 939 280 1003 supra
310 931 372 1007 cst,
409 924 462 988 uhi
493 927 643 1010 cognovit
672 926 703 990 id
735 927 819 1011 quod
849 929 907 992 sibi
930 935 1097 1013 cognatum
1120 936 1181 1012 est,
1215 926 1342 991 adiuto-

189 1047 255 1092 rem
280 1031 309 1093 ei
333 1029 478 1095 demittat.

275 1136 327 1203 ta.
371 1139 411 1202 Et
435 1139 475 1203 de
496 1136 544 1201 his
567 1137 689 1219 quidem
713 1137 871 1204 hactenus.
925 1139 971 1202 De
993 1141 1101 1224 viginti
1124 1145 1268 1221 quattuor
1286 1137 1378 1201 tit-³⁶

188 1254 323 1310 terarum
347 1253 448 1311 autem
480 1245 602 1328 origine
630 1242 708 1308 haec
737 1244 844 1310 docet:
877 1247 943 1311 Una
976 1265 1044 1310 cum
1075 1246 1202 1312 Solitate
1232 1251 1339 1308 extare

188 1352 349 1439 Unitatem,
373 1372 412 1417 ex
435 1354 545 1436 quibus
569 1351 648 1414 duae
670 1354 874 1439 propagines,
900 1354 961 1417 hoc
985 1362 1032 1420 est
1053 1353 1162 1418 lionae
1182 1361 1210 1415 et
1229 1353 1338 1434 Unum,

191 1477 272 1541 quae
298 1461 420 1526 additae
444 1467 587 1544 quattuor
612 1460 796 1539 extiterunt3
825 1461 873 1524 bis
903 1464 983 1526 enim
1016 1463 1076 1526 duo
1106 1468 1257 1542 quattuor.
1301 1461 1338 1524 Et

188 1585 295 1632 rursus
318 1567 380 1634 duo
404 1574 434 1632 et
456 1576 600 1652 quattuor
621 1569 652 1632 in
674 1585 768 1631 unum
792 1571 962 1651 composita
993 1571 1146 1634 senarium
1179 1585 1337 1631 numerum

187 1679 451 1760 monstraverunt,
474 1674 553 1740 haec
575 1694 634 1740 sex
656 1683 757 1739 autem
780 1675 1009 1758 quadruplicata
1032 1676 1098 1740 illas
1115 1676 1221 1759 viginti
1243 1683 1375 1757 quat-to

187 1785 259 1842 tuor
281 1777 333 1864 (sc.
355 1780 491 1865 litteras).
536 1782 574 1846 Et
597 1783 684 1866 primi
707 1781 831 1865 quidem
853 1783 1067 1862 quaternionis
1090 1784 1226 1865 nomina,
1257 1800 1336 1865 quae

188 1972 247 2036 hoc
272 1980 429 2037 autemst
455 1974 552 2039 David
583 1975 714 2039 dixisse:
743 1975 796 2039 Ec
827 1995 882 2039 ore
908 1976 1072 2056 insontium
1103 1984 1135 2040 et
1163 1977 1337 2040 mennam

184 2079 347 2160 perfecisti
369 2081 509 2157 laudem
538 2089 570 2145 ct
596 2082 722 2146 iterum:
753 2083 841 2145 Coeli
869 2091 1020 2148 enarrant
1044 2085 1177 2165 ploriom
1199 2085 1259 2148 dci.
1298 2081 1337 2146 Et

187 2190 316 2266 propter
337 2183 397 2249 hoc
410 2235 419 2271 ,
453 2184 577 2268 quando
600 2187 631 2249 in
654 2185 815 2249 doloribus
839 2192 867 2249 et
890 2186 1110 2252 calamitatibus
1140 2186 1240 2250 anima
1263 2186 1336 2250 iue-

187 2291 243 2373 rit,
265 2292 296 2352 in
319 2291 543 2356 relevationem
573 2309 659 2356 suam
696 2291 770 2356 dicii
801 2292 831 2353 Ω
858 2291 888 2354 in
922 2294 1044 2378 signnm
1072 2293 1275 2376 laudationis,
1302 2301 1337 2356 ut

187 2415 382 2480 cognoscens
405 2399 474 2484 illa,
497 2417 578 2480 quae
601 2417 722 2463 sursum
744 2405 810 2482 est,
840 2401 940 2465 anima
971 2400 1055 2484 quod
1092 2409 1141 2465 est
1171 2408 1335 2484 cognatum

186 2521 274 2567 suum
297 2504 478 2571 adiutorium
502 2507 531 2568 ei
554 2505 697 2570 deorsum
720 2507 824 2569 mittat.

273 2609 303 2678 9.
349 2612 387 2676 Et
409 2613 447 2676 de
471 2613 697 2695 omniquidem
720 2615 858 2697 nomine,
882 2612 965 2694 quod
990 2619 1038 2676 est
1051 2611 1135 2676 XXX
1155 2612 1335 2699 litterarum,

188 2725 220 2780 et
242 2718 281 2782 de
303 2719 419 2803 Bytho,
448 2720 500 2801 qui
523 2728 719 2802 augmentum
750 2721 860 2801 accipit
891 2738 931 2783 ex
962 2717 1052 2783 huius
1078 2718 1202 2802 litteris,
1235 2718 1336 2783 adhuc

187 2824 280 2889 etiem
308 2825 347 2888 de
376 2827 520 2890 Veritatis
551 2844 700 2910 corpore,
737 2825 820 2910 quod
851 2831 899 2888 est
928 2824 1090 2888 duodecim
1118 2825 1335 2911 membrorum,

186 2948 377 3014 unoquoque
399 2934 538 3000 membro
570 2952 612 2996 cx
633 2933 741 2998 duahis
774 2935 884 2997 litteris
915 2938 1090 3015 constante,
1127 2939 1159 2995 et
1187 2933 1227 2996 de
1255 2951 1333 2998 voce

187 3041 271 3124 eius,
296 3059 385 3122 quam
409 3041 510 3104 locuta
534 3050 667 3105 estnon
690 3041 809 3122 locuta,
838 3043 869 3102 et
899 3037 939 3100 de
960 3037 1151 3103 resolutione
1180 3040 1247 3103 eius
1270 3057 1334 3103 no-

187 3148 293 3232 minis,
315 3147 397 3229 quod
420 3166 482 3212 non
506 3155 554 3211 est
575 3152 767 3232 enarratum,
791 3154 822 3210 et
844 3146 883 3210 de
905 3145 1009 3209 mundi
1024 3145 1125 3209 anima
1146 3152 1177 3207 et
1190 3144 1332 3229 hominis,

186 3254 356 3318 secundum
380 3273 460 3337 quae
482 3252 597 3318 hahent
618 3253 716 3336 illam,
750 3271 830 3334 quae
854 3260 902 3317 est
924 3252 962 3315 ad
982 3253 1161 3335 imaginem,
1195 3253 1333 3335 disposi-

186 3362 316 3442 tionem,
338 3363 384 3425 sic
406 3361 555 3424 deliravit.
588 3359 653 3425 Get.

271 3467 344 3550 Cap.
369 3467 434 3532 XV.
461 3467 488 3532 l.
541 3469 592 3534 Sic
625 3475 725 3532 autern
757 3464 921 3528 annunciat
949 3482 1097 3546 perquam
1124 3468 1249 3548 sepiens
1273 3485 1334 3532 eo-

183 3594 250 3639 rum
274 3576 348 3658 Siga
371 3577 603 3659 generationem
624 3575 721 3639 xxiv
743 3571 983 3635 elementorum:
1021 3570 1096 3634 Cum
1118 3571 1246 3638 Solitate
1262 3591 1334 3636 esse

185 3683 355 3767 Unitatem,
383 3701 424 3745 ex
454 3685 563 3765 quibus
592 3683 672 3746 duae
700 3686 772 3745 sunt
803 3679 1002 3760 emissiones,
1031 3679 1110 3743 sicut
1142 3681 1332 3761 praedictum

184 3796 243 3867 est,
265 3787 375 3851 ilonas
403 3796 435 3852 et
455 3788 541 3875 llen,
574 3808 655 3872 quas
678 3787 849 3870 duplicatae
871 3785 911 3848 lV
934 3786 1032 3848 iactae
1056 3795 1147 3866 sunt;
1179 3791 1226 3852 bis
1250 3792 1330 3854 enim

185 3893 246 3957 duo
270 3901 423 3976 quattuor.
475 3893 514 3958 lit
535 3912 642 3959 rursus
666 3894 727 3957 duo
752 3900 783 3956 et
805 3899 949 3975 quattuor
971 3894 1001 3956 in
1024 3893 1054 3956 id
1077 3893 1176 3975 ipsum
1199 3913 1331 3979 compo-

183 4003 260 4064 sitae
283 4000 321 4063 Vl
344 4001 616 4066 manifestaverunt
636 4019 813 4084 numerum,
843 3999 874 4063 hi
898 4007 999 4064 autem
1029 4019 1087 4064 sex
1110 4002 1331 4084 quadruplicati

181 4109 289 4194 viginti
316 4116 461 4192 quattuor
489 4117 718 4191 generaverunt
746 4106 871 4192 liguros.
928 4107 966 4170 lit
994 4108 1118 4191 quidem
1150 4127 1231 4192 quae
1261 4118 1331 4173 sunt

181 4321 225 4376 92.
244 4317 451 4394 καταπέμψειῦ
566 4323 610 4376 96.
629 4321 672 4382 δὶς
690 4321 740 4375 ddo
759 4313 846 4394 olcas]
866 4320 909 4381 dir
926 4319 976 4374 dic
995 4318 1084 4373 odaiae
1101 4315 1138 4374 C:
1157 4317 1202 4374 An
1220 4319 1250 4373 ci
1268 4337 1330 4375 cov-

181 4413 277 4466 adcor?
366 4411 410 4466 97.
430 4408 626 4479 carnificari}
716 4411 760 4466 99.
779 4405 887 4486 τὰμὲν]
906 4411 984 4464 ταῦτα
1000 4409 1053 4481 μὲν
1069 4405 1091 4462 C
1108 4405 1139 4461 Μ
1228 4411 1331 4482 πρώιης

181 4501 316 4559 omCM

1033 4571 1102 4637 ll*
