2920 4982
408 313 691 376 nucarttutstto:
735 314 943 376 rsttosorttt.
1181 316 1244 381 495

92 493 160 552 tum
184 506 288 570 neque
312 485 659 572 philosophumenorum
686 505 786 569 neque
809 503 935 566 eorum,
959 504 1041 567 quae
1066 485 1104 548 ab
1128 484 1241 550 haere-

96 597 168 662 ticis
202 597 282 662 dicta
313 604 401 682 sunt,
436 597 487 679 qui
515 615 554 660 ex
576 597 651 678 ipsis
674 597 822 678 expositis
853 593 1014 658 manifeste
1046 597 1146 678 arguti
1175 605 1245 660 suut

96 707 149 770 vel
171 707 336 788 expilando
360 705 408 770 vel
430 705 582 788 quaedam
606 703 802 789 corrogando
826 722 863 768 ea
886 705 972 787 ipsa,
1002 722 1081 785 quae
1103 724 1119 767 a
1144 704 1284 768 Grae-ss

98 817 144 878 cis
168 815 324 880 elaborata
347 822 431 899 sunt,
454 816 656 899 proposuisse
679 822 822 895 tanquam
847 813 959 876 divina.
1003 813 1166 894 Postquam
1180 815 1245 895 igi-

97 932 149 986 tur
171 943 227 1007 per
250 927 351 988 oannis
374 923 583 1007 percurrimus
607 929 773 1005 almagno
804 920 913 984 labore
944 937 1055 984 novem
1084 919 1131 984 his
1160 920 1245 984 libris

98 1033 201 1095 omnia
224 1032 334 1114 placita
357 1031 523 1116 ediximus,
546 1029 749 1112 omnibusque
770 1027 946 1122 hominibus
969 1047 1095 1110 parvum
1125 1030 1155 1091 in
1184 1030 1244 1092 vita

99 1139 243 1203 viaticum
266 1138 462 1224 reliquimus,
499 1145 531 1202 et
560 1136 774 1222 praesentibus
808 1135 889 1201 haud
921 1154 1034 1220 parvae
1057 1135 1192 1200 laetitiae
1215 1143 1247 1199 et

98 1247 317 1313 oblectationis
346 1249 476 1312 studium
510 1246 650 1312 discendi
679 1244 893 1329 praebuimus,
930 1243 1123 1308 commodum
1158 1243 1284 1307 arbi-6⁰

97 1363 214 1422 tramur
236 1365 379 1439 tanquam
403 1355 557 1440 fastigium
579 1355 674 1420 totius
703 1356 806 1437 operis
841 1370 1016 1418 sermonem
1048 1354 1086 1416 de
1116 1355 1245 1420 varitate

98 1464 213 1529 allerro
236 1483 370 1547 eumque
391 1466 422 1528 in
445 1481 508 1528 uno
530 1463 609 1528 libro
638 1462 756 1528 decimo
785 1462 961 1548 delineare,
993 1471 1025 1526 ut
1051 1463 1151 1527 lector
1182 1481 1245 1528 non

98 1573 198 1638 solum
231 1591 300 1637 cum
332 1573 548 1636 refutationem
580 1589 706 1656 eoram,
742 1571 794 1653 qui
825 1570 974 1636 haereses
1007 1570 1145 1636 condere
1180 1572 1246 1636 ausi

98 1690 189 1764 sunt,
212 1680 414 1765 cognoverit,
435 1681 537 1746 inania
560 1689 701 1762 spernat,
724 1679 780 1744 sed
805 1681 912 1762 etism,
937 1698 1006 1743 cum
1029 1681 1164 1744 veritatis
1185 1681 1246 1744 uim

98 1789 299 1874 cognoverit,
323 1789 416 1871 digne
437 1787 490 1852 ubi
513 1789 573 1852 deo
597 1785 781 1871 crediderit,
804 1786 917 1851 salvari
942 1789 1048 1870 possit
1253 1782 1285 1832 ⁸⁶

518 2001 820 2014 —0———2

255 2343 589 2420 REFUTATIONIS
616 2342 794 2418 OMNIUM
821 2343 1087 2420 flssnhstttnt

506 2499 618 2566 LIBER
649 2497 831 2564 DEClhlUS.

570 2657 757 2667 ———·—--..

183 2795 210 2861 l.
256 2798 340 2862 llaec
361 2799 465 2862 insunt
487 2801 518 2863 in
542 2798 663 2866 decimo
686 2800 766 2865 libro
788 2800 984 2868 refutationis
1007 2801 1142 2865 omnium
1160 2801 1266 2866 hae-t

94 2903 226 2968 resium:

101 3070 107 3082 ‚
181 3011 210 3079 2.
256 3011 456 3078 Summsrium
481 3017 615 3079 omnium
642 3015 907 3098 philosophorum,

180 3119 209 3186 3.
256 3121 456 3186 Summarlum
482 3123 616 3186 omnium
638 3123 834 3216 haeresium,

180 3227 208 3293 l.
253 3231 291 3294 lit
313 3229 447 3314 deniquo
470 3237 542 3314 post
564 3234 682 3316 omnia,
705 3251 856 3314 quaenam
876 3235 916 3297 sit
929 3234 1066 3298 veritatis
1086 3233 1262 3300 doctrinas

179 3339 208 3402 5.
253 3337 470 3422 labyrinthum
493 3338 668 3404 haeresium
701 3349 863 3423 postquam
895 3360 957 3406 non
989 3344 1142 3406 violenter
1170 3342 1238 3406 dis·

93 3447 247 3529 rupimus,
269 3448 325 3510 sed
348 3448 413 3511 sola
435 3447 622 3511 relutatione
644 3450 782 3512 veritatis
805 3451 834 3512 vi
858 3449 1066 3534 dissolvimus,
1089 3451 1127 3514 ad
1152 3452 1238 3514 veri-

92 3554 160 3616 tatis
183 3553 475 3618 demonstrationem
507 3553 714 3638 aggredimur.
771 3555 846 3621 ‘lum
881 3560 960 3622 enim
991 3563 1106 3622 erroris
1138 3559 1237 3624 artili-

93 3663 175 3726 cioca
211 3661 397 3744 sophismata
431 3661 510 3725 male
544 3681 625 3726 nexa
664 3663 826 3728 manifesta
864 3665 959 3749 lieni,
993 3665 1118 3748 quando
1149 3671 1236 3731 veri-

93 3772 159 3834 tatis
182 3769 319 3834 delinitio
343 3777 467 3832 ostensa
499 3768 606 3854 luerit,
635 3788 696 3834 non
720 3790 738 3834 a
761 3771 910 3854 sapientia
933 3772 1123 3838 Graecorum
1147 3777 1274 3857 prin-to

94 3870 201 3958 cipium
250 3885 354 3959 nacta,
388 3893 491 3957 neque
526 3876 750 3960 Aegyptiorum
780 3879 909 3963 placita,
947 3900 1025 3946 vana
1066 3883 1114 3949 illa
1156 3885 1236 3949 inter

92 3984 172 4064 ipsos
195 4001 263 4047 cum
286 3981 396 4046 tiducia
420 3983 517 4066 culta,
540 3990 683 4065 tanquam
707 4003 818 4049 arcana
843 3987 970 4069 edocta,
1004 4010 1108 4074 nequa
1139 3990 1235 4055 cnst-

93 4090 237 4156 daeorum
274 4090 423 4157 dissoluta
458 4090 637 4156 curiositate
674 4093 814 4176 inducta,
857 4113 957 4178 neque
991 4097 1232 4181 Babyloniorum

92 4199 177 4263 stulta
200 4201 326 4264 vesania
348 4218 405 4281 per
428 4196 595 4261 ellicaciam
621 4197 804 4264 daemonum
828 4203 978 4284 perculsa,
1001 4205 1057 4268 sed
1071 4224 1133 4288 quo
1149 4211 1233 4268 extat

93 4407 133 4462 68.
151 4403 321 4480 degrediare
447 4404 492 4461 69.
521 4403 566 4459 τὸν
584 4405 636 4461 add
655 4404 683 4462 hl
834 4411 861 4465 4.
875 4403 1010 4482 Ἐπιτομὴ]
1025 4405 1085 4460 'lind
1101 4405 1136 4478 τῷ
1152 4403 1232 4479 μὴῦ

93 4497 148 4577 mir]
168 4517 211 4554 om
231 4495 253 4554 G
379 4499 406 4554 t.
425 4497 569 4581 πρόσιμεν]
592 4498 776 4574 npo'oarpst
