<?xml version="1.0" encoding="UTF-8"?>
<!DOCTYPE html PUBLIC "-//W3C//DTD XHTML 1.0 Transitional//EN"
    "http://www.w3.org/TR/xhtml1/DTD/xhtml1-transitional.dtd">
<html xmlns="http://www.w3.org/1999/xhtml" xml:lang="en" lang="en">
 <head>
  <title>
</title>
<meta http-equiv="Content-Type" content="text/html;charset=utf-8" />
  <meta name='ocr-system' content='tesseract 3.04.00' />
  <meta name='ocr-capabilities' content='ocr_page ocr_carea ocr_par ocr_line ocrx_word'/>
</head>
<body>
  <div class='ocr_page' id='page_1' title='image "./refutationisomn00hippgoog_0213.png"; bbox 0 0 3056 4970; ppageno 0'>
   <div class='ocr_carea' id='block_1_1' title="bbox 213 277 897 364">
    <p class='ocr_par' dir='ltr' id='par_1_1' title="bbox 213 277 897 364">
     <span class='ocr_line' id='line_1_1' title="bbox 213 277 897 364; baseline -0.006 -20"><span class='ocrx_word' id='word_1_1' title='bbox 213 279 277 346; x_wconf 81' lang='lat'><strong><em>200</em></strong></span> <span class='ocrx_word' id='word_1_2' title='bbox 341 279 377 363; x_wconf 76' lang='grc' dir='ltr'><strong><em>(ρ.</em></strong></span> <span class='ocrx_word' id='word_1_3' title='bbox 393 277 556 364; x_wconf 65' lang='grc' dir='ltr'><strong><em>τέτικε.)</em></strong></span> <span class='ocrx_word' id='word_1_4' title='bbox 674 281 768 340; x_wconf 74' lang='lat' dir='ltr'><strong><em>um</em></strong></span> <span class='ocrx_word' id='word_1_5' title='bbox 790 281 823 356; x_wconf 87' lang='lat' dir='ltr'><strong><em>v,</em></strong></span> <span class='ocrx_word' id='word_1_6' title='bbox 848 283 897 340; x_wconf 82' lang='grc' dir='ltr'><strong><em>ιο.</em></strong></span> 
     </span>
    </p>
   </div>
   <div class='ocr_carea' id='block_1_2' title="bbox 52 425 1361 2879">
    <p class='ocr_par' dir='ltr' id='par_1_2' title="bbox 105 425 1356 970">
     <span class='ocr_line' id='line_1_2' title="bbox 105 425 1351 532; baseline -0.002 -20"><span class='ocrx_word' id='word_1_7' title='bbox 105 425 113 439; x_wconf 89' lang='grc'><strong>’</strong></span> <span class='ocrx_word' id='word_1_8' title='bbox 176 446 390 528; x_wconf 63' lang='grc' dir='ltr'><strong><em>ωιιιςεσε..</em></strong></span> <span class='ocrx_word' id='word_1_9' title='bbox 422 445 440 512; x_wconf 86' lang='grc' dir='ltr'><strong><em>ι</em></strong></span> <span class='ocrx_word' id='word_1_10' title='bbox 471 445 602 514; x_wconf 64' lang='grc' dir='ltr'><strong><em>οπο...</em></strong></span> <span class='ocrx_word' id='word_1_11' title='bbox 627 451 717 514; x_wconf 67' lang='grc' dir='ltr'><strong><em>σε..</em></strong></span> <span class='ocrx_word' id='word_1_12' title='bbox 749 445 865 522; x_wconf 69' lang='grc' dir='ltr'><strong><em>αυωις</em></strong></span> <span class='ocrx_word' id='word_1_13' title='bbox 892 443 1011 525; x_wconf 65' lang='grc' dir='ltr'><strong><em>αμα·</em></strong></span> <span class='ocrx_word' id='word_1_14' title='bbox 1040 446 1118 510; x_wconf 73' lang='grc' dir='ltr'><strong><em>σοι</em></strong></span> <span class='ocrx_word' id='word_1_15' title='bbox 1150 444 1224 510; x_wconf 73' lang='grc' dir='ltr'><strong><em>ι..</em></strong></span> <span class='ocrx_word' id='word_1_16' title='bbox 1244 445 1351 532; x_wconf 70' lang='grc' dir='ltr'><strong><em>νειμ..</em></strong></span> 
     </span>
     <span class='ocr_line' id='line_1_3' title="bbox 214 550 1353 642; baseline 0 -24"><span class='ocrx_word' id='word_1_17' title='bbox 214 553 352 630; x_wconf 75' lang='grc' dir='ltr'><strong><em>ἐπινοείς</em></strong></span> <span class='ocrx_word' id='word_1_18' title='bbox 379 557 400 640; x_wconf 83' lang='grc' dir='ltr'><strong><em>ὴ</em></strong></span> <span class='ocrx_word' id='word_1_19' title='bbox 430 558 485 619; x_wconf 75' lang='grc' dir='ltr'><strong><em>καὶ</em></strong></span> <span class='ocrx_word' id='word_1_20' title='bbox 504 555 713 642; x_wconf 80' lang='grc' dir='ltr'><strong><em>παραίείπεις</em></strong></span> <span class='ocrx_word' id='word_1_21' title='bbox 733 555 776 641; x_wconf 87' lang='grc' dir='ltr'><strong><em>μὴ</em></strong></span> <span class='ocrx_word' id='word_1_22' title='bbox 797 555 929 640; x_wconf 77' lang='grc' dir='ltr'><strong><em>νοηθέν,</em></strong></span> <span class='ocrx_word' id='word_1_23' title='bbox 961 555 1051 617; x_wconf 80' lang='grc' dir='ltr'><strong><em>τοῦτο</em></strong></span> <span class='ocrx_word' id='word_1_24' title='bbox 1072 550 1187 639; x_wconf 78' lang='grc' dir='ltr'><strong><em>ἑκόσοη</em></strong></span> <span class='ocrx_word' id='word_1_25' title='bbox 1208 555 1271 618; x_wconf 82' lang='grc' dir='ltr'><strong><em>τόίν</em></strong></span> <span class='ocrx_word' id='word_1_26' title='bbox 1292 551 1353 640; x_wconf 83' lang='grc' dir='ltr'><strong><em>δρ-</em></strong></span> 
     </span>
     <span class='ocr_line' id='line_1_4' title="bbox 214 657 1356 750; baseline 0.001 -27"><span class='ocrx_word' id='word_1_27' title='bbox 214 663 282 741; x_wconf 79' lang='grc' dir='ltr'><strong><em>χοίν</em></strong></span> <span class='ocrx_word' id='word_1_28' title='bbox 312 663 436 746; x_wconf 86' lang='grc' dir='ltr'><strong><em>πέφυκε</em></strong></span> <span class='ocrx_word' id='word_1_29' title='bbox 463 664 636 742; x_wconf 74' lang='grc' dir='ltr'><strong><em>γενέσθαι,</em></strong></span> <span class='ocrx_word' id='word_1_30' title='bbox 668 660 712 738; x_wconf 75' lang='grc' dir='ltr'><strong><em>τίς</em></strong></span> <span class='ocrx_word' id='word_1_31' title='bbox 732 663 768 726; x_wconf 81' lang='grc' dir='ltr'><strong><em>έν</em></strong></span> <span class='ocrx_word' id='word_1_32' title='bbox 789 659 984 749; x_wconf 74' lang='grc' dir='ltr'><strong><em>όνθρωπίνη</em></strong></span> <span class='ocrx_word' id='word_1_33' title='bbox 1005 662 1096 750; x_wconf 78' lang='grc' dir='ltr'><strong><em>ψυχὴ</em></strong></span> <span class='ocrx_word' id='word_1_34' title='bbox 1117 662 1210 724; x_wconf 83' lang='grc' dir='ltr'><strong><em>πόσα</em></strong></span> <span class='ocrx_word' id='word_1_35' title='bbox 1227 657 1356 744; x_wconf 81' lang='grc' dir='ltr'><strong><em>ὴιισοόν</em></strong></span> 
     </span>
     <span class='ocr_line' id='line_1_5' title="bbox 216 763 1356 854; baseline 0 -24"><span class='ocrx_word' id='word_1_36' title='bbox 216 765 428 853; x_wconf 79' lang='grc' dir='ltr'><strong><em>διδασκομένη</em></strong></span> <span class='ocrx_word' id='word_1_37' title='bbox 441 769 548 853; x_wconf 88' lang='grc' dir='ltr'><strong><em>τέχνη·</em></strong></span> <span class='ocrx_word' id='word_1_38' title='bbox 572 766 677 844; x_wconf 72' lang='grc' dir='ltr'><strong><em>οἱονεὶ,</em></strong></span> <span class='ocrx_word' id='word_1_39' title='bbox 701 768 789 854; x_wconf 88' lang='grc' dir='ltr'><strong><em>φησί,</em></strong></span> <span class='ocrx_word' id='word_1_40' title='bbox 810 766 970 852; x_wconf 78' lang='grc' dir='ltr'><strong><em>γενήσεται</em></strong></span> <span class='ocrx_word' id='word_1_41' title='bbox 985 769 1075 830; x_wconf 81' lang='grc' dir='ltr'><strong><em>τοῦτο</em></strong></span> <span class='ocrx_word' id='word_1_42' title='bbox 1087 766 1122 830; x_wconf 88' lang='grc' dir='ltr'><strong><em>τδ</em></strong></span> <span class='ocrx_word' id='word_1_43' title='bbox 1137 764 1272 832; x_wconf 85' lang='grc' dir='ltr'><strong><em>παιδίον</em></strong></span> <span class='ocrx_word' id='word_1_44' title='bbox 1293 763 1356 830; x_wconf 84' lang='grc' dir='ltr'><strong><em>αδ-</em></strong></span> 
     </span>
     <span class='ocr_line' id='line_1_6' title="bbox 217 871 1353 970; baseline 0 -34"><span class='ocrx_word' id='word_1_45' title='bbox 217 871 322 959; x_wconf 80' lang='grc' dir='ltr'><strong><em>λητὴς,</em></strong></span> <span class='ocrx_word' id='word_1_46' title='bbox 352 873 539 960; x_wconf 86' lang='grc' dir='ltr'><strong><em>έγχρονίσαν</em></strong></span> <span class='ocrx_word' id='word_1_47' title='bbox 561 873 690 965; x_wconf 81' lang='grc' dir='ltr'><strong><em>αδληιῇ,</em></strong></span> <span class='ocrx_word' id='word_1_48' title='bbox 712 876 733 960; x_wconf 83' lang='grc' dir='ltr'><strong><em>ὴ</em></strong></span> <span class='ocrx_word' id='word_1_49' title='bbox 752 875 926 960; x_wconf 87' lang='grc' dir='ltr'><strong><em>γεωμέτρης</em></strong></span> <span class='ocrx_word' id='word_1_50' title='bbox 947 875 1122 962; x_wconf 81' lang='grc' dir='ltr'><strong><em>γεωμέτρη,</em></strong></span> <span class='ocrx_word' id='word_1_51' title='bbox 1144 876 1353 970; x_wconf 73' lang='grc' dir='ltr'><strong><em>γραμματικῷ</em></strong></span> 
     </span>
    </p>

    <p class='ocr_par' dir='ltr' id='par_1_3' title="bbox 178 978 1359 1491">
     <span class='ocr_line' id='line_1_7' title="bbox 178 978 1357 1065; baseline -0.002 -19"><span class='ocrx_word' id='word_1_52' title='bbox 178 995 208 1046; x_wconf 76' lang='grc' dir='ltr'><strong><em>σο</em></strong></span> <span class='ocrx_word' id='word_1_53' title='bbox 215 981 446 1065; x_wconf 89' lang='grc' dir='ltr'><strong><em>γραμματικός,</em></strong></span> <span class='ocrx_word' id='word_1_54' title='bbox 476 983 589 1044; x_wconf 79' lang='grc' dir='ltr'><strong><em>τέκτων</em></strong></span> <span class='ocrx_word' id='word_1_55' title='bbox 612 983 740 1058; x_wconf 82' lang='grc' dir='ltr'><strong><em>τέκτονι,</em></strong></span> <span class='ocrx_word' id='word_1_56' title='bbox 763 985 818 1043; x_wconf 79' lang='grc' dir='ltr'><strong><em>καί</em></strong></span> <span class='ocrx_word' id='word_1_57' title='bbox 838 989 906 1056; x_wconf 80' lang='grc' dir='ltr'><strong><em>ταίς</em></strong></span> <span class='ocrx_word' id='word_1_58' title='bbox 929 978 1046 1055; x_wconf 79' lang='grc' dir='ltr'><strong><em>ἄλλοις</em></strong></span> <span class='ocrx_word' id='word_1_59' title='bbox 1066 979 1211 1054; x_wconf 79' lang='grc' dir='ltr'><strong><em>όπόσαις</em></strong></span> <span class='ocrx_word' id='word_1_60' title='bbox 1231 982 1357 1061; x_wconf 77' lang='grc' dir='ltr'><strong><em>τέχναις</em></strong></span> 
     </span>
     <span class='ocr_line' id='line_1_8' title="bbox 216 1081 1356 1172; baseline 0.002 -24"><span class='ocrx_word' id='word_1_61' title='bbox 216 1083 307 1164; x_wconf 74' lang='grc' dir='ltr'><strong><em>ἐγγυς</em></strong></span> <span class='ocrx_word' id='word_1_62' title='bbox 326 1085 494 1169; x_wconf 83' lang='grc' dir='ltr'><strong><em>γινόμενον</em></strong></span> <span class='ocrx_word' id='word_1_63' title='bbox 515 1085 632 1170; x_wconf 85' lang='grc' dir='ltr'><strong><em>ὁμοίως</em></strong></span> <span class='ocrx_word' id='word_1_64' title='bbox 654 1087 851 1171; x_wconf 82' lang='grc' dir='ltr'><strong><em>συμβήσεται.</em></strong></span> <span class='ocrx_word' id='word_1_65' title='bbox 895 1081 942 1150; x_wconf 75' lang='grc' dir='ltr'><em>Λῖ</em></span> <span class='ocrx_word' id='word_1_66' title='bbox 963 1084 1000 1149; x_wconf 74' lang='grc' dir='ltr'><strong><em>δὲ</em></strong></span> <span class='ocrx_word' id='word_1_67' title='bbox 1022 1088 1084 1150; x_wconf 80' lang='grc' dir='ltr'><strong><em>τόν</em></strong></span> <span class='ocrx_word' id='word_1_68' title='bbox 1106 1083 1225 1172; x_wconf 79' lang='grc' dir='ltr'><strong><em>δρχοίν,</em></strong></span> <span class='ocrx_word' id='word_1_69' title='bbox 1248 1089 1356 1172; x_wconf 87' lang='grc' dir='ltr'><strong><em>φησίν,</em></strong></span> 
     </span>
     <span class='ocr_line' id='line_1_9' title="bbox 216 1189 1358 1280; baseline 0 -24"><span class='ocrx_word' id='word_1_70' title='bbox 216 1189 323 1256; x_wconf 79' lang='grc' dir='ltr'><strong><em>οὐσίαι</em></strong></span> <span class='ocrx_word' id='word_1_71' title='bbox 345 1195 416 1278; x_wconf 80' lang='grc' dir='ltr'><strong><em>φῶς</em></strong></span> <span class='ocrx_word' id='word_1_72' title='bbox 437 1196 491 1256; x_wconf 82' lang='grc' dir='ltr'><strong><em>καί</em></strong></span> <span class='ocrx_word' id='word_1_73' title='bbox 513 1193 633 1268; x_wconf 81' lang='grc' dir='ltr'><strong><em>σκότος·</em></strong></span> <span class='ocrx_word' id='word_1_74' title='bbox 663 1192 781 1256; x_wconf 87' lang='grc' dir='ltr'><strong><em>τοότων</em></strong></span> <span class='ocrx_word' id='word_1_75' title='bbox 802 1191 840 1256; x_wconf 87' lang='grc' dir='ltr'><strong><em>δέ</em></strong></span> <span class='ocrx_word' id='word_1_76' title='bbox 860 1192 944 1258; x_wconf 85' lang='grc' dir='ltr'><strong><em>έσιιν</em></strong></span> <span class='ocrx_word' id='word_1_77' title='bbox 964 1192 1000 1256; x_wconf 81' lang='grc' dir='ltr'><strong><em>έν</em></strong></span> <span class='ocrx_word' id='word_1_78' title='bbox 1021 1194 1107 1280; x_wconf 84' lang='grc' dir='ltr'><strong><em>μέσιμ</em></strong></span> <span class='ocrx_word' id='word_1_79' title='bbox 1128 1197 1256 1276; x_wconf 82' lang='grc' dir='ltr'><strong><em>πνεῦμα</em></strong></span> <span class='ocrx_word' id='word_1_80' title='bbox 1278 1191 1358 1256; x_wconf 74' lang='grc' dir='ltr'><strong><em>οἰκέ-</em></strong></span> 
     </span>
     <span class='ocr_line' id='line_1_10' title="bbox 216 1297 1356 1386; baseline 0.004 -26"><span class='ocrx_word' id='word_1_81' title='bbox 216 1319 326 1383; x_wconf 88' lang='grc' dir='ltr'><strong><em>ραιον·</em></strong></span> <span class='ocrx_word' id='word_1_82' title='bbox 357 1301 391 1362; x_wconf 87' lang='grc' dir='ltr'><strong><em>ιδ</em></strong></span> <span class='ocrx_word' id='word_1_83' title='bbox 421 1297 457 1362; x_wconf 80' lang='grc' dir='ltr'><strong><em>δὲ</em></strong></span> <span class='ocrx_word' id='word_1_84' title='bbox 487 1302 615 1382; x_wconf 80' lang='grc' dir='ltr'><strong><em>πνεῦμα</em></strong></span> <span class='ocrx_word' id='word_1_85' title='bbox 641 1297 675 1363; x_wconf 89' lang='grc' dir='ltr'><strong><em>ιδ</em></strong></span> <span class='ocrx_word' id='word_1_86' title='bbox 702 1299 707 1386; x_wconf 89' lang='grc' dir='ltr'>Ι</span> <span class='ocrx_word' id='word_1_87' title='bbox 731 1299 917 1382; x_wconf 68' lang='grc' dir='ltr'><strong><em>τεταγμένον</em></strong></span> <span class='ocrx_word' id='word_1_88' title='bbox 951 1298 988 1362; x_wconf 81' lang='grc' dir='ltr'><strong><em>έν</em></strong></span> <span class='ocrx_word' id='word_1_89' title='bbox 1015 1300 1102 1385; x_wconf 81' lang='grc' dir='ltr'><strong><em>μέσῳ</em></strong></span> <span class='ocrx_word' id='word_1_90' title='bbox 1131 1303 1187 1363; x_wconf 79' lang='grc' dir='ltr'><strong><em>τοῦ</em></strong></span> <span class='ocrx_word' id='word_1_91' title='bbox 1216 1300 1356 1376; x_wconf 86' lang='grc' dir='ltr'><strong><em>σκότους,</em></strong></span> 
     </span>
     <span class='ocr_line' id='line_1_11' title="bbox 217 1403 1359 1491; baseline 0.001 -23"><span class='ocrx_word' id='word_1_92' title='bbox 217 1403 296 1486; x_wconf 82' lang='grc' dir='ltr'><strong><em>ὅπερ</em></strong></span> <span class='ocrx_word' id='word_1_93' title='bbox 323 1404 386 1468; x_wconf 71' lang='grc' dir='ltr'><strong><em>ἐστὶ</em></strong></span> <span class='ocrx_word' id='word_1_94' title='bbox 414 1405 518 1482; x_wconf 88' lang='grc' dir='ltr'><strong><em>κότω,</em></strong></span> <span class='ocrx_word' id='word_1_95' title='bbox 552 1410 607 1470; x_wconf 73' lang='grc' dir='ltr'><strong><em>καί</em></strong></span> <span class='ocrx_word' id='word_1_96' title='bbox 634 1409 689 1470; x_wconf 79' lang='grc' dir='ltr'><strong><em>τοῦ</em></strong></span> <span class='ocrx_word' id='word_1_97' title='bbox 719 1405 840 1490; x_wconf 86' lang='grc' dir='ltr'><strong><em>φωτός,</em></strong></span> <span class='ocrx_word' id='word_1_98' title='bbox 872 1403 951 1491; x_wconf 84' lang='grc' dir='ltr'><strong><em>ὅπερ</em></strong></span> <span class='ocrx_word' id='word_1_99' title='bbox 980 1403 1064 1468; x_wconf 72' lang='grc' dir='ltr'><strong><em>ἐστίν</em></strong></span> <span class='ocrx_word' id='word_1_100' title='bbox 1089 1406 1179 1482; x_wconf 83' lang='grc' dir='ltr'><strong><em>ἄνω,</em></strong></span> <span class='ocrx_word' id='word_1_101' title='bbox 1213 1403 1272 1470; x_wconf 82' lang='grc' dir='ltr'><strong><em>οδκ</em></strong></span> <span class='ocrx_word' id='word_1_102' title='bbox 1294 1405 1359 1470; x_wconf 81' lang='grc' dir='ltr'><strong><em>ἔστι</em></strong></span> 
     </span>
    </p>

    <p class='ocr_par' dir='ltr' id='par_1_4' title="bbox 83 1510 1359 1706">
     <span class='ocr_line' id='line_1_12' title="bbox 178 1510 1356 1599; baseline 0.002 -25"><span class='ocrx_word' id='word_1_103' title='bbox 178 1514 353 1595; x_wconf 75' lang='grc' dir='ltr'><strong><em>ιοπνεόμα,</em></strong></span> <span class='ocrx_word' id='word_1_104' title='bbox 377 1511 421 1588; x_wconf 85' lang='grc' dir='ltr'><strong><em>δς</em></strong></span> <span class='ocrx_word' id='word_1_105' title='bbox 442 1511 563 1596; x_wconf 85' lang='grc' dir='ltr'><strong><em>όνίμοο</em></strong></span> <span class='ocrx_word' id='word_1_106' title='bbox 587 1512 664 1599; x_wconf 83' lang='grc' dir='ltr'><strong><em>ῥιπὴ</em></strong></span> <span class='ocrx_word' id='word_1_107' title='bbox 686 1514 708 1598; x_wconf 86' lang='grc' dir='ltr'><strong><em>ὴ</em></strong></span> <span class='ocrx_word' id='word_1_108' title='bbox 725 1510 821 1597; x_wconf 73' lang='grc' dir='ltr'><strong><em>ίεπιή</em></strong></span> <span class='ocrx_word' id='word_1_109' title='bbox 842 1533 887 1586; x_wconf 87' lang='grc' dir='ltr'><strong><em>τις</em></strong></span> <span class='ocrx_word' id='word_1_110' title='bbox 908 1511 994 1597; x_wconf 81' lang='grc' dir='ltr'><strong><em>αὔρα</em></strong></span> <span class='ocrx_word' id='word_1_111' title='bbox 1008 1513 1169 1597; x_wconf 72' lang='grc' dir='ltr'><strong><em>νοηθῆναι</em></strong></span> <span class='ocrx_word' id='word_1_112' title='bbox 1183 1511 1356 1598; x_wconf 85' lang='grc' dir='ltr'><strong><em>δυναμένη,</em></strong></span> 
     </span>
     <span class='ocr_line' id='line_1_13' title="bbox 83 1615 1359 1706; baseline 0.005 -30"><span class='ocrx_word' id='word_1_113' title='bbox 83 1667 88 1676; x_wconf 90' lang='grc'><strong>.</strong></span> <span class='ocrx_word' id='word_1_114' title='bbox 216 1615 287 1682; x_wconf 70' lang='grc' dir='ltr'><strong><em>ἀλλ’</em></strong></span> <span class='ocrx_word' id='word_1_115' title='bbox 313 1618 410 1684; x_wconf 78' lang='grc' dir='ltr'><strong><em>οίονεί</em></strong></span> <span class='ocrx_word' id='word_1_116' title='bbox 436 1617 541 1706; x_wconf 89' lang='grc' dir='ltr'><strong><em>μόρου</em></strong></span> <span class='ocrx_word' id='word_1_117' title='bbox 570 1643 615 1696; x_wconf 86' lang='grc' dir='ltr'><strong><em>τις</em></strong></span> <span class='ocrx_word' id='word_1_118' title='bbox 636 1617 717 1705; x_wconf 88' lang='grc' dir='ltr'><strong><em>δσμὴ</em></strong></span> <span class='ocrx_word' id='word_1_119' title='bbox 739 1621 760 1704; x_wconf 82' lang='grc' dir='ltr'><strong><em>ὴ</em></strong></span> <span class='ocrx_word' id='word_1_120' title='bbox 780 1617 985 1702; x_wconf 72' lang='grc' dir='ltr'><strong><em>θυμιάματος</em></strong></span> <span class='ocrx_word' id='word_1_121' title='bbox 1006 1617 1042 1682; x_wconf 73' lang='grc' dir='ltr'><strong><em>ἐκ</em></strong></span> <span class='ocrx_word' id='word_1_122' title='bbox 1064 1620 1245 1694; x_wconf 78' lang='grc' dir='ltr'><strong><em>συνδέσεως</em></strong></span> <span class='ocrx_word' id='word_1_123' title='bbox 1263 1641 1359 1682; x_wconf 79' lang='grc' dir='ltr'><strong><em>κατε-</em></strong></span> 
     </span>
    </p>

    <p class='ocr_par' dir='ltr' id='par_1_5' title="bbox 52 1723 1361 2343">
     <span class='ocr_line' id='line_1_14' title="bbox 52 1723 1358 1812; baseline 0.001 -24"><span class='ocrx_word' id='word_1_124' title='bbox 52 1747 54 1754; x_wconf 95' lang='grc'><strong><em>·</em></strong></span> <span class='ocrx_word' id='word_1_125' title='bbox 216 1727 430 1809; x_wconf 84' lang='grc' dir='ltr'><strong><em>σκευασμένου</em></strong></span> <span class='ocrx_word' id='word_1_126' title='bbox 458 1725 573 1812; x_wconf 80' lang='grc' dir='ltr'><strong><em>ίεπιὴ,</em></strong></span> <span class='ocrx_word' id='word_1_127' title='bbox 592 1724 796 1792; x_wconf 87' lang='grc' dir='ltr'><strong><em>διοδεόουσα</em></strong></span> <span class='ocrx_word' id='word_1_128' title='bbox 824 1723 962 1808; x_wconf 89' lang='grc' dir='ltr'><strong><em>δόναμις</em></strong></span> <span class='ocrx_word' id='word_1_129' title='bbox 993 1723 1190 1812; x_wconf 78' lang='grc' dir='ltr'><strong><em>δνεπινοὴπρ</em></strong></span> <span class='ocrx_word' id='word_1_130' title='bbox 1219 1728 1281 1790; x_wconf 73' lang='grc' dir='ltr'><strong><em>τινὶ</em></strong></span> <span class='ocrx_word' id='word_1_131' title='bbox 1301 1730 1358 1790; x_wconf 75' lang='grc' dir='ltr'><strong><em>καὶ</em></strong></span> 
     </span>
     <span class='ocr_line' id='line_1_15' title="bbox 216 1829 1356 1919; baseline 0.003 -25"><span class='ocrx_word' id='word_1_132' title='bbox 216 1833 364 1917; x_wconf 85' lang='grc' dir='ltr'><strong><em>κρείττονι</em></strong></span> <span class='ocrx_word' id='word_1_133' title='bbox 385 1834 406 1918; x_wconf 84' lang='grc' dir='ltr'><strong><em>ὴ</em></strong></span> <span class='ocrx_word' id='word_1_134' title='bbox 427 1829 512 1919; x_wconf 74' lang='grc' dir='ltr'><strong><em>λόγῳ</em></strong></span> <span class='ocrx_word' id='word_1_135' title='bbox 533 1833 616 1898; x_wconf 83' lang='grc' dir='ltr'><strong><em>ἔστιν</em></strong></span> <span class='ocrx_word' id='word_1_136' title='bbox 635 1832 773 1910; x_wconf 81' lang='grc' dir='ltr'><strong><em>έξειπείν</em></strong></span> <span class='ocrx_word' id='word_1_137' title='bbox 792 1835 882 1918; x_wconf 80' lang='grc' dir='ltr'><strong><em>φορᾷ</em></strong></span> <span class='ocrx_word' id='word_1_138' title='bbox 894 1830 1040 1908; x_wconf 77' lang='grc' dir='ltr'><strong><em>ιόωδίας.</em></strong></span> <span class='ocrx_word' id='word_1_139' title='bbox 1082 1829 1213 1918; x_wconf 77' lang='grc' dir='ltr'><strong><em>Ἐπειδὴ</em></strong></span> <span class='ocrx_word' id='word_1_140' title='bbox 1228 1831 1264 1896; x_wconf 77' lang='grc' dir='ltr'><strong><em>δέ</em></strong></span> <span class='ocrx_word' id='word_1_141' title='bbox 1285 1833 1356 1897; x_wconf 84' lang='grc' dir='ltr'><strong><em>τίνω</em></strong></span> 
     </span>
     <span class='ocr_line' id='line_1_16' title="bbox 216 1936 1357 2026; baseline 0.004 -26"><span class='ocrx_word' id='word_1_142' title='bbox 216 1937 280 2001; x_wconf 63' lang='lat' dir='ltr'><strong><em>&amp;m</em></strong></span> <span class='ocrx_word' id='word_1_143' title='bbox 299 1940 334 2002; x_wconf 86' lang='grc' dir='ltr'><strong><em>τδ</em></strong></span> <span class='ocrx_word' id='word_1_144' title='bbox 356 1940 427 2023; x_wconf 77' lang='grc' dir='ltr'><strong><em>φῶς</em></strong></span> <span class='ocrx_word' id='word_1_145' title='bbox 447 1942 502 2003; x_wconf 75' lang='grc' dir='ltr'><strong><em>καὶ</em></strong></span> <span class='ocrx_word' id='word_1_146' title='bbox 523 1937 609 2003; x_wconf 86' lang='grc' dir='ltr'><strong><em>κοίτω</em></strong></span> <span class='ocrx_word' id='word_1_147' title='bbox 633 1939 696 2025; x_wconf 89' lang='grc' dir='ltr'><strong><em>[τδ]</em></strong></span> <span class='ocrx_word' id='word_1_148' title='bbox 719 1936 838 2016; x_wconf 83' lang='grc' dir='ltr'><strong><em>σκότος,</em></strong></span> <span class='ocrx_word' id='word_1_149' title='bbox 860 1943 915 2003; x_wconf 73' lang='grc' dir='ltr'><strong><em>καί</em></strong></span> <span class='ocrx_word' id='word_1_150' title='bbox 930 1937 1058 2016; x_wconf 71' lang='grc' dir='ltr'><strong><em>τούτων,</em></strong></span> <span class='ocrx_word' id='word_1_151' title='bbox 1081 1937 1125 2014; x_wconf 78' lang='grc' dir='ltr'><strong><em>τίς</em></strong></span> <span class='ocrx_word' id='word_1_152' title='bbox 1136 1939 1227 2026; x_wconf 81' lang='grc' dir='ltr'><strong><em>ἔφην,</em></strong></span> <span class='ocrx_word' id='word_1_153' title='bbox 1250 1943 1357 2018; x_wconf 81' lang='grc' dir='ltr'><strong><em>τοιοῦ-</em></strong></span> 
     </span>
     <span class='ocr_line' id='line_1_17' title="bbox 180 2043 1361 2134; baseline 0.001 -25"><span class='ocrx_word' id='word_1_154' title='bbox 180 2065 271 2116; x_wconf 78' lang='grc' dir='ltr'><strong><em>ιετον</em></strong></span> <span class='ocrx_word' id='word_1_155' title='bbox 294 2043 414 2132; x_wconf 90' lang='grc' dir='ltr'><strong><em>τρόπον</em></strong></span> <span class='ocrx_word' id='word_1_156' title='bbox 441 2046 540 2128; x_wconf 87' lang='grc' dir='ltr'><strong><em>μέσον</em></strong></span> <span class='ocrx_word' id='word_1_157' title='bbox 566 2044 601 2108; x_wconf 88' lang='grc' dir='ltr'><strong><em>τδ</em></strong></span> <span class='ocrx_word' id='word_1_158' title='bbox 631 2048 775 2128; x_wconf 79' lang='grc' dir='ltr'><strong><em>πνεῦμα,</em></strong></span> <span class='ocrx_word' id='word_1_159' title='bbox 812 2045 847 2109; x_wconf 92' lang='grc' dir='ltr'><strong><em>τδ</em></strong></span> <span class='ocrx_word' id='word_1_160' title='bbox 883 2044 920 2109; x_wconf 75' lang='grc' dir='ltr'><strong><em>δὲ</em></strong></span> <span class='ocrx_word' id='word_1_161' title='bbox 948 2048 1020 2131; x_wconf 81' lang='grc' dir='ltr'><strong><em>φιός</em></strong></span> <span class='ocrx_word' id='word_1_162' title='bbox 1047 2047 1172 2131; x_wconf 87' lang='grc' dir='ltr'><strong><em>πέφυκε</em></strong></span> <span class='ocrx_word' id='word_1_163' title='bbox 1199 2045 1361 2134; x_wconf 73' lang='grc' dir='ltr'><strong><em>καθάπερ</em></strong></span> 
     </span>
     <span class='ocr_line' id='line_1_18' title="bbox 217 2148 1356 2236; baseline 0.001 -21"><span class='ocrx_word' id='word_1_164' title='bbox 217 2149 304 2225; x_wconf 80' lang='grc' dir='ltr'><strong><em>δκτίς</em></strong></span> <span class='ocrx_word' id='word_1_165' title='bbox 325 2148 415 2236; x_wconf 87' lang='grc' dir='ltr'><strong><em>ὴίίου</em></strong></span> <span class='ocrx_word' id='word_1_166' title='bbox 431 2151 564 2215; x_wconf 76' lang='grc' dir='ltr'><strong><em>ἄνωθεν</em></strong></span> <span class='ocrx_word' id='word_1_167' title='bbox 579 2149 756 2233; x_wconf 78' lang='grc' dir='ltr'><strong><em>έίίόμπειν</em></strong></span> <span class='ocrx_word' id='word_1_168' title='bbox 776 2150 822 2224; x_wconf 88' lang='grc' dir='ltr'><strong><em>είς</em></strong></span> <span class='ocrx_word' id='word_1_169' title='bbox 841 2152 875 2215; x_wconf 89' lang='grc' dir='ltr'><strong><em>τδ</em></strong></span> <span class='ocrx_word' id='word_1_170' title='bbox 897 2149 1107 2234; x_wconf 72' lang='grc' dir='ltr'><strong><em>ὑποκείμενον</em></strong></span> <span class='ocrx_word' id='word_1_171' title='bbox 1128 2151 1246 2230; x_wconf 88' lang='grc' dir='ltr'><strong><em>σκότος,</em></strong></span> <span class='ocrx_word' id='word_1_172' title='bbox 1269 2151 1356 2218; x_wconf 84' lang='grc' dir='ltr'><strong><em>δνό-</em></strong></span> 
     </span>
     <span class='ocr_line' id='line_1_19' title="bbox 215 2255 1358 2343; baseline 0.002 -23"><span class='ocrx_word' id='word_1_173' title='bbox 215 2255 317 2321; x_wconf 83' lang='grc' dir='ltr'><strong><em>ποίιν</em></strong></span> <span class='ocrx_word' id='word_1_174' title='bbox 343 2255 380 2320; x_wconf 80' lang='grc' dir='ltr'><strong><em>δὲ</em></strong></span> <span class='ocrx_word' id='word_1_175' title='bbox 407 2256 427 2343; x_wconf 88' lang='grc' dir='ltr'><strong><em>ὴ</em></strong></span> <span class='ocrx_word' id='word_1_176' title='bbox 456 2261 513 2322; x_wconf 79' lang='grc' dir='ltr'><strong><em>τοῦ</em></strong></span> <span class='ocrx_word' id='word_1_177' title='bbox 541 2257 719 2338; x_wconf 84' lang='grc' dir='ltr'><strong><em>πνεόματος</em></strong></span> <span class='ocrx_word' id='word_1_178' title='bbox 749 2255 869 2321; x_wconf 77' lang='grc' dir='ltr'><strong><em>εδωδία</em></strong></span> <span class='ocrx_word' id='word_1_179' title='bbox 889 2258 988 2343; x_wconf 90' lang='grc' dir='ltr'><strong><em>μέσην</em></strong></span> <span class='ocrx_word' id='word_1_180' title='bbox 1011 2257 1126 2338; x_wconf 82' lang='grc' dir='ltr'><strong><em>ἔχουσα</em></strong></span> <span class='ocrx_word' id='word_1_181' title='bbox 1147 2258 1239 2336; x_wconf 85' lang='grc' dir='ltr'><strong><em>ια’ξιν</em></strong></span> <span class='ocrx_word' id='word_1_182' title='bbox 1260 2258 1358 2322; x_wconf 81' lang='grc' dir='ltr'><strong><em>έκτεί-</em></strong></span> 
     </span>
    </p>

    <p class='ocr_par' dir='ltr' id='par_1_6' title="bbox 155 2360 1355 2451">
     <span class='ocr_line' id='line_1_20' title="bbox 155 2360 1355 2451; baseline 0 -23"><span class='ocrx_word' id='word_1_183' title='bbox 155 2379 158 2382; x_wconf 84' lang='grc'><em>·</em></span> <span class='ocrx_word' id='word_1_184' title='bbox 215 2383 302 2428; x_wconf 86' lang='grc' dir='ltr'><strong><em>νειαι</em></strong></span> <span class='ocrx_word' id='word_1_185' title='bbox 330 2366 386 2427; x_wconf 76' lang='grc' dir='ltr'><strong><em>καί</em></strong></span> <span class='ocrx_word' id='word_1_186' title='bbox 407 2365 537 2450; x_wconf 86' lang='grc' dir='ltr'><strong><em>φέρεται</em></strong></span> <span class='ocrx_word' id='word_1_187' title='bbox 559 2365 722 2450; x_wconf 77' lang='grc' dir='ltr'><strong><em>πανταχῆ,</em></strong></span> <span class='ocrx_word' id='word_1_188' title='bbox 755 2360 800 2438; x_wconf 79' lang='grc' dir='ltr'><strong><em>τίς</em></strong></span> <span class='ocrx_word' id='word_1_189' title='bbox 821 2363 876 2427; x_wconf 78' lang='grc' dir='ltr'><strong><em>έκδ</em></strong></span> <span class='ocrx_word' id='word_1_190' title='bbox 896 2367 959 2428; x_wconf 80' lang='grc' dir='ltr'><strong><em>αδν</em></strong></span> <span class='ocrx_word' id='word_1_191' title='bbox 979 2363 1017 2428; x_wconf 84' lang='grc' dir='ltr'><strong><em>έν</em></strong></span> <span class='ocrx_word' id='word_1_192' title='bbox 1037 2368 1115 2451; x_wconf 79' lang='grc' dir='ltr'><strong><em>πυρί</em></strong></span> <span class='ocrx_word' id='word_1_193' title='bbox 1136 2366 1355 2450; x_wconf 74' lang='grc' dir='ltr'><strong><em>θυμιαμάτων</em></strong></span> 
     </span>
    </p>

    <p class='ocr_par' dir='ltr' id='par_1_7' title="bbox 179 2466 1358 2879">
     <span class='ocr_line' id='line_1_21' title="bbox 214 2466 1358 2558; baseline 0.005 -26"><span class='ocrx_word' id='word_1_194' title='bbox 214 2469 271 2554; x_wconf 83' lang='grc' dir='ltr'><strong><em>τὴν</em></strong></span> <span class='ocrx_word' id='word_1_195' title='bbox 291 2466 431 2533; x_wconf 81' lang='grc' dir='ltr'><strong><em>εδωδίαν</em></strong></span> <span class='ocrx_word' id='word_1_196' title='bbox 451 2473 597 2556; x_wconf 76' lang='grc' dir='ltr'><strong><em>πανταχῆ</em></strong></span> <span class='ocrx_word' id='word_1_197' title='bbox 619 2471 798 2556; x_wconf 86' lang='grc' dir='ltr'><strong><em>φερομένην</em></strong></span> <span class='ocrx_word' id='word_1_198' title='bbox 818 2469 1055 2555; x_wconf 85' lang='grc' dir='ltr'><strong><em>έπεγνοίκαμεν·</em></strong></span> <span class='ocrx_word' id='word_1_199' title='bbox 1086 2473 1228 2558; x_wconf 73' lang='grc' dir='ltr'><strong><em>τοιαύτης</em></strong></span> <span class='ocrx_word' id='word_1_200' title='bbox 1244 2472 1281 2537; x_wconf 74' lang='grc' dir='ltr'><strong><em>δὲ</em></strong></span> <span class='ocrx_word' id='word_1_201' title='bbox 1299 2473 1358 2538; x_wconf 82' lang='grc' dir='ltr'><strong><em>οδ-</em></strong></span> 
     </span>
     <span class='ocr_line' id='line_1_22' title="bbox 179 2575 1357 2668; baseline 0.003 -28"><span class='ocrx_word' id='word_1_202' title='bbox 179 2591 270 2663; x_wconf 79' lang='grc' dir='ltr'><strong><em>ωσης</em></strong></span> <span class='ocrx_word' id='word_1_203' title='bbox 297 2579 350 2662; x_wconf 77' lang='grc' dir='ltr'><strong><em>τῆς</em></strong></span> <span class='ocrx_word' id='word_1_204' title='bbox 378 2575 543 2661; x_wconf 82' lang='grc' dir='ltr'><strong><em>δυνάμεως</em></strong></span> <span class='ocrx_word' id='word_1_205' title='bbox 564 2581 627 2643; x_wconf 79' lang='grc' dir='ltr'><strong><em>τόν</em></strong></span> <span class='ocrx_word' id='word_1_206' title='bbox 649 2576 848 2668; x_wconf 87' lang='grc' dir='ltr'><strong><em>διηρημένων</em></strong></span> <span class='ocrx_word' id='word_1_207' title='bbox 868 2582 997 2664; x_wconf 78' lang='grc' dir='ltr'><strong><em>τριχός,</em></strong></span> <span class='ocrx_word' id='word_1_208' title='bbox 1025 2581 1081 2643; x_wconf 77' lang='grc' dir='ltr'><strong><em>τοῦ</em></strong></span> <span class='ocrx_word' id='word_1_209' title='bbox 1101 2579 1281 2662; x_wconf 87' lang='grc' dir='ltr'><strong><em>πνεόματος</em></strong></span> <span class='ocrx_word' id='word_1_210' title='bbox 1301 2583 1357 2644; x_wconf 74' lang='grc' dir='ltr'><strong><em>καί</em></strong></span> 
     </span>
     <span class='ocr_line' id='line_1_23' title="bbox 214 2671 1358 2772; baseline 0.003 -25"><span class='ocrx_word' id='word_1_211' title='bbox 214 2686 271 2747; x_wconf 80' lang='grc' dir='ltr'><strong><em>τοῦ</em></strong></span> <span class='ocrx_word' id='word_1_212' title='bbox 292 2681 398 2769; x_wconf 89' lang='grc' dir='ltr'><strong><em>φωιδς</em></strong></span> <span class='ocrx_word' id='word_1_213' title='bbox 420 2681 502 2768; x_wconf 81' lang='grc' dir='ltr'><strong><em>δμοῦ</em></strong></span> <span class='ocrx_word' id='word_1_214' title='bbox 523 2682 542 2771; x_wconf 82' lang='grc' dir='ltr'><strong><em>ὴ</em></strong></span> <span class='ocrx_word' id='word_1_215' title='bbox 565 2671 700 2767; x_wconf 83' lang='grc' dir='ltr'><strong><em>δόνσμίς</em></strong></span> <span class='ocrx_word' id='word_1_216' title='bbox 721 2682 805 2748; x_wconf 78' lang='grc' dir='ltr'><strong><em>ἐστιν</em></strong></span> <span class='ocrx_word' id='word_1_217' title='bbox 823 2683 860 2748; x_wconf 87' lang='grc' dir='ltr'><strong><em>έν</em></strong></span> <span class='ocrx_word' id='word_1_218' title='bbox 880 2687 924 2770; x_wconf 71' lang='grc' dir='ltr'><strong><em>τῷ</em></strong></span> <span class='ocrx_word' id='word_1_219' title='bbox 946 2681 1047 2749; x_wconf 80' lang='grc' dir='ltr'><strong><em>σκότει</em></strong></span> <span class='ocrx_word' id='word_1_220' title='bbox 1068 2688 1112 2772; x_wconf 78' lang='grc' dir='ltr'><strong><em>τῷ</em></strong></span> <span class='ocrx_word' id='word_1_221' title='bbox 1125 2684 1275 2750; x_wconf 74' lang='grc' dir='ltr'><strong><em>κάτωθεν</em></strong></span> <span class='ocrx_word' id='word_1_222' title='bbox 1294 2683 1358 2751; x_wconf 86' lang='grc' dir='ltr'><strong><em>αδ-</em></strong></span> 
     </span>
     <span class='ocr_line' id='line_1_24' title="bbox 214 2788 1355 2879; baseline 0.002 -25"><span class='ocrx_word' id='word_1_223' title='bbox 214 2794 277 2856; x_wconf 81' lang='grc' dir='ltr'><strong><em>ιῶν</em></strong></span> <span class='ocrx_word' id='word_1_224' title='bbox 297 2792 482 2879; x_wconf 80' lang='grc' dir='ltr'><strong><em>τεταγμένῳ.</em></strong></span> <span class='ocrx_word' id='word_1_225' title='bbox 536 2790 583 2855; x_wconf 87' lang='grc' dir='ltr'><strong><em>Τδ</em></strong></span> <span class='ocrx_word' id='word_1_226' title='bbox 600 2790 637 2855; x_wconf 75' lang='grc' dir='ltr'><strong><em>δὲ</em></strong></span> <span class='ocrx_word' id='word_1_227' title='bbox 659 2789 767 2865; x_wconf 83' lang='grc' dir='ltr'><strong><em>σκότος</em></strong></span> <span class='ocrx_word' id='word_1_228' title='bbox 788 2788 876 2876; x_wconf 82' lang='grc' dir='ltr'><strong><em>ὕδωρ</em></strong></span> <span class='ocrx_word' id='word_1_229' title='bbox 898 2789 962 2854; x_wconf 68' lang='grc' dir='ltr'><strong><em>ἐστὶ</em></strong></span> <span class='ocrx_word' id='word_1_230' title='bbox 984 2789 1142 2878; x_wconf 79' lang='grc' dir='ltr'><strong><em>φοβερόν,</em></strong></span> <span class='ocrx_word' id='word_1_231' title='bbox 1164 2791 1210 2866; x_wconf 87' lang='grc' dir='ltr'><strong><em>είς</em></strong></span> <span class='ocrx_word' id='word_1_232' title='bbox 1238 2791 1355 2856; x_wconf 85' lang='grc' dir='ltr'><strong><em>δκατ-</em></strong></span> 
     </span>
    </p>
   </div>
   <div class='ocr_carea' id='block_1_3' title="bbox 214 2894 1357 3090">
    <p class='ocr_par' dir='ltr' id='par_1_8' title="bbox 214 2894 1357 3090">
     <span class='ocr_line' id='line_1_25' title="bbox 214 2894 1357 2983; baseline 0.002 -23"><span class='ocrx_word' id='word_1_233' title='bbox 214 2899 369 2962; x_wconf 84' lang='grc' dir='ltr'><strong><em>έσπασιοιι</em></strong></span> <span class='ocrx_word' id='word_1_234' title='bbox 399 2901 454 2961; x_wconf 77' lang='grc' dir='ltr'><strong><em>καί</em></strong></span> <span class='ocrx_word' id='word_1_235' title='bbox 480 2894 696 2982; x_wconf 73' lang='grc' dir='ltr'><strong><em>μετενήνεκται</em></strong></span> <span class='ocrx_word' id='word_1_236' title='bbox 723 2895 770 2972; x_wconf 87' lang='grc' dir='ltr'><strong><em>είς</em></strong></span> <span class='ocrx_word' id='word_1_237' title='bbox 797 2895 853 2982; x_wconf 78' lang='grc' dir='ltr'><strong><em>τὴν</em></strong></span> <span class='ocrx_word' id='word_1_238' title='bbox 879 2896 1026 2982; x_wconf 84' lang='grc' dir='ltr'><strong><em>τοιαδιην</em></strong></span> <span class='ocrx_word' id='word_1_239' title='bbox 1056 2897 1154 2983; x_wconf 89' lang='grc' dir='ltr'><strong><em>φόσιν</em></strong></span> <span class='ocrx_word' id='word_1_240' title='bbox 1187 2896 1266 2981; x_wconf 75' lang='grc' dir='ltr'><strong><em>μετὰ</em></strong></span> <span class='ocrx_word' id='word_1_241' title='bbox 1300 2900 1357 2962; x_wconf 80' lang='grc' dir='ltr'><strong><em>τοῦ</em></strong></span> 
     </span>
     <span class='ocr_line' id='line_1_26' title="bbox 214 3001 1357 3090; baseline 0 -22"><span class='ocrx_word' id='word_1_242' title='bbox 214 3004 393 3088; x_wconf 73' lang='grc' dir='ltr'><strong><em>πνεύματος</em></strong></span> <span class='ocrx_word' id='word_1_243' title='bbox 418 3005 453 3069; x_wconf 90' lang='grc' dir='ltr'><strong><em>τδ</em></strong></span> <span class='ocrx_word' id='word_1_244' title='bbox 484 3008 564 3090; x_wconf 76' lang='grc' dir='ltr'><strong><em>φῶς.</em></strong></span> <span class='ocrx_word' id='word_1_245' title='bbox 626 3002 673 3068; x_wconf 87' lang='grc' dir='ltr'><strong><em>Τδ</em></strong></span> <span class='ocrx_word' id='word_1_246' title='bbox 696 3001 732 3066; x_wconf 75' lang='grc' dir='ltr'><strong><em>δὲ</em></strong></span> <span class='ocrx_word' id='word_1_247' title='bbox 753 3001 862 3078; x_wconf 80' lang='grc' dir='ltr'><strong><em>σκότος</em></strong></span> <span class='ocrx_word' id='word_1_248' title='bbox 884 3001 1036 3067; x_wconf 85' lang='grc' dir='ltr'><strong><em>δσόνετον</em></strong></span> <span class='ocrx_word' id='word_1_249' title='bbox 1056 3001 1115 3068; x_wconf 82' lang='grc' dir='ltr'><strong><em>οδκ</em></strong></span> <span class='ocrx_word' id='word_1_250' title='bbox 1135 3002 1235 3082; x_wconf 82' lang='grc' dir='ltr'><strong><em>δσιίν,</em></strong></span> <span class='ocrx_word' id='word_1_251' title='bbox 1269 3001 1357 3068; x_wconf 65' lang='lat' dir='ltr'><strong><em>om&amp;</em></strong></span> 
     </span>
    </p>
   </div>
   <div class='ocr_carea' id='block_1_4' title="bbox 177 3107 1431 3201">
    <p class='ocr_par' dir='ltr' id='par_1_9' title="bbox 177 3107 1431 3201">
     <span class='ocr_line' id='line_1_27' title="bbox 177 3107 1431 3201; baseline -0.024 -19"><span class='ocrx_word' id='word_1_252' title='bbox 177 3111 375 3196; x_wconf 75' lang='grc' dir='ltr'><strong><em>οοφρόνιμον</em></strong></span> <span class='ocrx_word' id='word_1_253' title='bbox 395 3109 567 3186; x_wconf 74' lang='grc' dir='ltr'><strong><em>παντελῶς,</em></strong></span> <span class='ocrx_word' id='word_1_254' title='bbox 587 3113 643 3173; x_wconf 77' lang='grc' dir='ltr'><strong><em>καί</em></strong></span> <span class='ocrx_word' id='word_1_255' title='bbox 665 3107 752 3174; x_wconf 86' lang='grc' dir='ltr'><strong><em>οίδεν</em></strong></span> <span class='ocrx_word' id='word_1_256' title='bbox 772 3107 831 3186; x_wconf 86' lang='grc' dir='ltr'><strong><em>ότι,</em></strong></span> <span class='ocrx_word' id='word_1_257' title='bbox 853 3111 897 3174; x_wconf 79' lang='grc' dir='ltr'><strong><em>δν</em></strong></span> <span class='ocrx_word' id='word_1_258' title='bbox 918 3107 1059 3201; x_wconf 71' lang='grc' dir='ltr'><strong><em>διωρθὴ</em></strong></span> <span class='ocrx_word' id='word_1_259' title='bbox 1079 3110 1114 3174; x_wconf 60' lang='grc' dir='ltr'><strong><em>τὸ</em></strong></span> <span class='ocrx_word' id='word_1_260' title='bbox 1135 3108 1286 3195; x_wconf 65' lang='grc' dir='ltr'><strong><em>φῶςᾶπη</em></strong></span> <span class='ocrx_word' id='word_1_261' title='bbox 1299 3113 1355 3176; x_wconf 53' lang='grc' dir='ltr'><strong><em>,νη</em></strong></span> <span class='ocrx_word' id='word_1_262' title='bbox 1427 3145 1431 3152; x_wconf 96' lang='grc'><strong>.</strong></span> 
     </span>
    </p>
   </div>
   <div class='ocr_carea' id='block_1_5' title="bbox 176 3210 1363 3834">
    <p class='ocr_par' dir='ltr' id='par_1_10' title="bbox 176 3210 1363 3834">
     <span class='ocr_line' id='line_1_28' title="bbox 216 3210 1354 3298; baseline 0.001 -20"><span class='ocrx_word' id='word_1_263' title='bbox 216 3213 354 3294; x_wconf 89' lang='grc' dir='ltr'><strong><em>σκότους,</em></strong></span> <span class='ocrx_word' id='word_1_264' title='bbox 383 3216 471 3297; x_wconf 90' lang='grc' dir='ltr'><strong><em>μένει</em></strong></span> <span class='ocrx_word' id='word_1_265' title='bbox 491 3213 526 3276; x_wconf 91' lang='grc' dir='ltr'><strong><em>τδ</em></strong></span> <span class='ocrx_word' id='word_1_266' title='bbox 549 3211 657 3287; x_wconf 90' lang='grc' dir='ltr'><strong><em>σκότος</em></strong></span> <span class='ocrx_word' id='word_1_267' title='bbox 678 3211 811 3298; x_wconf 80' lang='grc' dir='ltr'><strong><em>ἔρημον,</em></strong></span> <span class='ocrx_word' id='word_1_268' title='bbox 835 3210 972 3298; x_wconf 86' lang='grc' dir='ltr'><strong><em>α’φανές,</em></strong></span> <span class='ocrx_word' id='word_1_269' title='bbox 993 3211 1150 3296; x_wconf 76' lang='grc' dir='ltr'><strong><em>δίαγοτές,</em></strong></span> <span class='ocrx_word' id='word_1_270' title='bbox 1173 3212 1354 3298; x_wconf 82' lang='grc' dir='ltr'><strong><em>όδόναμον,</em></strong></span> 
     </span>
     <span class='ocr_line' id='line_1_29' title="bbox 215 3316 1357 3406; baseline 0.003 -24"><span class='ocrx_word' id='word_1_271' title='bbox 215 3319 399 3401; x_wconf 77' lang='grc' dir='ltr'><strong><em>ἄπρακτον,</em></strong></span> <span class='ocrx_word' id='word_1_272' title='bbox 431 3319 578 3394; x_wconf 74' lang='grc' dir='ltr'><strong><em>ἀσθενές.</em></strong></span> <span class='ocrx_word' id='word_1_273' title='bbox 602 3352 605 3360; x_wconf 77' lang='lat'><em>,</em></span> <span class='ocrx_word' id='word_1_274' title='bbox 629 3316 688 3382; x_wconf 90' lang='grc' dir='ltr'><strong><em>Διδ</em></strong></span> <span class='ocrx_word' id='word_1_275' title='bbox 717 3317 805 3406; x_wconf 85' lang='grc' dir='ltr'><strong><em>πόση</em></strong></span> <span class='ocrx_word' id='word_1_276' title='bbox 827 3317 979 3404; x_wconf 77' lang='grc' dir='ltr'><strong><em>φρονήσει</em></strong></span> <span class='ocrx_word' id='word_1_277' title='bbox 1000 3322 1056 3383; x_wconf 74' lang='grc' dir='ltr'><strong><em>καί</em></strong></span> <span class='ocrx_word' id='word_1_278' title='bbox 1077 3321 1197 3385; x_wconf 85' lang='grc' dir='ltr'><strong><em>συνέσει</em></strong></span> <span class='ocrx_word' id='word_1_279' title='bbox 1217 3320 1357 3403; x_wconf 78' lang='grc' dir='ltr'><strong><em>βιάζεται</em></strong></span> 
     </span>
     <span class='ocr_line' id='line_1_30' title="bbox 215 3421 1356 3514; baseline 0.003 -23"><span class='ocrx_word' id='word_1_280' title='bbox 215 3427 356 3508; x_wconf 77' lang='grc' dir='ltr'><strong><em>κατέχειν</em></strong></span> <span class='ocrx_word' id='word_1_281' title='bbox 376 3426 422 3502; x_wconf 87' lang='grc' dir='ltr'><strong><em>είς</em></strong></span> <span class='ocrx_word' id='word_1_282' title='bbox 442 3425 535 3490; x_wconf 77' lang='grc' dir='ltr'><strong><em>έαοτδ</em></strong></span> <span class='ocrx_word' id='word_1_283' title='bbox 555 3423 610 3510; x_wconf 92' lang='grc' dir='ltr'><strong><em>τὴν</em></strong></span> <span class='ocrx_word' id='word_1_284' title='bbox 630 3421 825 3510; x_wconf 81' lang='grc' dir='ltr'><strong><em>λαμπηδόνα</em></strong></span> <span class='ocrx_word' id='word_1_285' title='bbox 847 3429 902 3488; x_wconf 73' lang='grc' dir='ltr'><strong><em>καί</em></strong></span> <span class='ocrx_word' id='word_1_286' title='bbox 918 3427 974 3491; x_wconf 87' lang='grc' dir='ltr'><strong><em>τδν</em></strong></span> <span class='ocrx_word' id='word_1_287' title='bbox 995 3428 1163 3513; x_wconf 79' lang='grc' dir='ltr'><strong><em>σιτινδὴρα</em></strong></span> <span class='ocrx_word' id='word_1_288' title='bbox 1183 3430 1239 3496; x_wconf 81' lang='grc' dir='ltr'><strong><em>τοῦ</em></strong></span> <span class='ocrx_word' id='word_1_289' title='bbox 1250 3428 1356 3514; x_wconf 80' lang='grc' dir='ltr'><strong><em>φωτός</em></strong></span> 
     </span>
     <span class='ocr_line' id='line_1_31' title="bbox 214 3529 1355 3620; baseline -0.001 -22"><span class='ocrx_word' id='word_1_290' title='bbox 214 3534 293 3616; x_wconf 78' lang='grc' dir='ltr'><strong><em>μετὰ</em></strong></span> <span class='ocrx_word' id='word_1_291' title='bbox 314 3536 367 3620; x_wconf 85' lang='grc' dir='ltr'><strong><em>τὴς</em></strong></span> <span class='ocrx_word' id='word_1_292' title='bbox 387 3537 443 3598; x_wconf 83' lang='grc' dir='ltr'><strong><em>τοῦ</em></strong></span> <span class='ocrx_word' id='word_1_293' title='bbox 465 3533 644 3614; x_wconf 87' lang='grc' dir='ltr'><strong><em>πνεόματος</em></strong></span> <span class='ocrx_word' id='word_1_294' title='bbox 664 3529 810 3606; x_wconf 85' lang='grc' dir='ltr'><strong><em>εόωδίας.</em></strong></span> <span class='ocrx_word' id='word_1_295' title='bbox 862 3535 926 3596; x_wconf 73' lang='grc' dir='ltr'><strong><em>Καὶ</em></strong></span> <span class='ocrx_word' id='word_1_296' title='bbox 954 3530 1074 3597; x_wconf 89' lang='grc' dir='ltr'><strong><em>τοότων</em></strong></span> <span class='ocrx_word' id='word_1_297' title='bbox 1095 3533 1178 3599; x_wconf 80' lang='grc' dir='ltr'><strong><em>ἔστιν</em></strong></span> <span class='ocrx_word' id='word_1_298' title='bbox 1199 3533 1281 3598; x_wconf 82' lang='grc' dir='ltr'><strong><em>ίδεῐν</em></strong></span> <span class='ocrx_word' id='word_1_299' title='bbox 1301 3537 1355 3619; x_wconf 80' lang='grc' dir='ltr'><strong><em>τὴς</em></strong></span> 
     </span>
     <span class='ocr_line' id='line_1_32' title="bbox 176 3633 1356 3725; baseline 0.002 -23"><span class='ocrx_word' id='word_1_300' title='bbox 176 3636 345 3724; x_wconf 84' lang='grc' dir='ltr'><strong><em>εοφόσεως</em></strong></span> <span class='ocrx_word' id='word_1_301' title='bbox 363 3637 475 3704; x_wconf 88' lang='grc' dir='ltr'><strong><em>είκόνα</em></strong></span> <span class='ocrx_word' id='word_1_302' title='bbox 496 3637 577 3703; x_wconf 78' lang='grc' dir='ltr'><strong><em>κατὰ</em></strong></span> <span class='ocrx_word' id='word_1_303' title='bbox 602 3637 778 3724; x_wconf 88' lang='grc' dir='ltr'><strong><em>πρόσωπον</em></strong></span> <span class='ocrx_word' id='word_1_304' title='bbox 806 3633 1005 3724; x_wconf 73' lang='grc' dir='ltr'><strong><em>δνδριόπου,</em></strong></span> <span class='ocrx_word' id='word_1_305' title='bbox 1035 3638 1132 3724; x_wconf 88' lang='grc' dir='ltr'><strong><em>κόρην</em></strong></span> <span class='ocrx_word' id='word_1_306' title='bbox 1164 3636 1356 3725; x_wconf 79' lang='grc' dir='ltr'><strong><em>δφδαλμοῦ,</em></strong></span> 
     </span>
     <span class='ocr_line' id='line_1_33' title="bbox 216 3739 1363 3834; baseline 0.001 -24"><span class='ocrx_word' id='word_1_307' title='bbox 216 3751 375 3834; x_wconf 89' lang='grc' dir='ltr'><strong><em>σκοτεινὴν</em></strong></span> <span class='ocrx_word' id='word_1_308' title='bbox 395 3747 432 3811; x_wconf 79' lang='grc' dir='ltr'><strong><em>έκ</em></strong></span> <span class='ocrx_word' id='word_1_309' title='bbox 452 3750 515 3811; x_wconf 82' lang='grc' dir='ltr'><strong><em>τόν</em></strong></span> <span class='ocrx_word' id='word_1_310' title='bbox 536 3742 754 3828; x_wconf 78' lang='grc' dir='ltr'><strong><em>ὑποκειμένων</em></strong></span> <span class='ocrx_word' id='word_1_311' title='bbox 779 3739 916 3821; x_wconf 80' lang='grc' dir='ltr'><strong><em>όδότων,</em></strong></span> <span class='ocrx_word' id='word_1_312' title='bbox 938 3747 1187 3831; x_wconf 85' lang='grc' dir='ltr'><strong><em>πεφωτισμένην</em></strong></span> <span class='ocrx_word' id='word_1_313' title='bbox 1199 3745 1363 3830; x_wconf 82' lang='grc' dir='ltr'><strong><em>πνεόμαπ.</em></strong></span> 
     </span>
    </p>
   </div>
   <div class='ocr_carea' id='block_1_6' title="bbox 214 4026 1362 4478">
    <p class='ocr_par' dir='ltr' id='par_1_11' title="bbox 214 4026 1362 4478">
     <span class='ocr_line' id='line_1_34' title="bbox 289 4026 1362 4104; baseline -0.003 -14"><span class='ocrx_word' id='word_1_314' title='bbox 289 4035 333 4090; x_wconf 86' lang='grc'><strong><em>61.</em></strong></span> <span class='ocrx_word' id='word_1_315' title='bbox 360 4032 471 4100; x_wconf 76' lang='grc' dir='ltr'><strong><em>ἑκάστην</em></strong></span> <span class='ocrx_word' id='word_1_316' title='bbox 497 4029 535 4087; x_wconf 83' lang='lat' dir='ltr'><strong><em>C:</em></strong></span> <span class='ocrx_word' id='word_1_317' title='bbox 562 4029 658 4104; x_wconf 74' lang='grc' dir='ltr'><strong><em>ἑκάστη</em></strong></span> <span class='ocrx_word' id='word_1_318' title='bbox 680 4029 711 4088; x_wconf 81' lang='grc' dir='ltr'>Μ</span> <span class='ocrx_word' id='word_1_319' title='bbox 726 4027 916 4103; x_wconf 70' lang='grc' dir='ltr'><strong><em>’Βειοιγιίοω</em></strong></span> <span class='ocrx_word' id='word_1_320' title='bbox 960 4026 1017 4085; x_wconf 76' lang='lat' dir='ltr'>cfr.</span> <span class='ocrx_word' id='word_1_321' title='bbox 1041 4029 1111 4084; x_wconf 71' lang='lat' dir='ltr'><strong>infra</strong></span> <span class='ocrx_word' id='word_1_322' title='bbox 1131 4048 1158 4104; x_wconf 82' lang='lat' dir='ltr'><strong><em>p.</em></strong></span> <span class='ocrx_word' id='word_1_323' title='bbox 1177 4031 1246 4098; x_wconf 82' lang='grc'><strong><em>316,</em></strong></span> <span class='ocrx_word' id='word_1_324' title='bbox 1266 4033 1302 4088; x_wconf 77' lang='lat'><strong><em>62</em></strong></span> <span class='ocrx_word' id='word_1_325' title='bbox 1319 4033 1362 4087; x_wconf 82' lang='grc' dir='ltr'><strong><em>εδ.</em></strong></span> 
     </span>
     <span class='ocr_line' id='line_1_35' title="bbox 216 4115 1361 4199; baseline -0.007 -13"><span class='ocrx_word' id='word_1_326' title='bbox 216 4128 306 4186; x_wconf 77' lang='lat' dir='ltr'><strong>Oxou.</strong></span> <span class='ocrx_word' id='word_1_327' title='bbox 422 4127 466 4180; x_wconf 78' lang='lat'><strong><em>62.</em></strong></span> <span class='ocrx_word' id='word_1_328' title='bbox 493 4123 620 4198; x_wconf 77' lang='grc' dir='ltr'><strong><em>ἀνδρωπί</em></strong></span> <span class='ocrx_word' id='word_1_329' title='bbox 638 4123 698 4199; x_wconf 79' lang='grc' dir='ltr'><strong><em>(εἰσ)</em></strong></span> <span class='ocrx_word' id='word_1_330' title='bbox 717 4120 828 4198; x_wconf 72' lang='grc' dir='ltr'><strong><em>ψυχὴῦ</em></strong></span> <span class='ocrx_word' id='word_1_331' title='bbox 903 4118 956 4190; x_wconf 81' lang='grc' dir='ltr'><strong><em>ὴτις</em></strong></span> <span class='ocrx_word' id='word_1_332' title='bbox 980 4115 1070 4177; x_wconf 71' lang='grc' dir='ltr'><strong><em>οὗνί)</em></strong></span> <span class='ocrx_word' id='word_1_333' title='bbox 1185 4124 1230 4178; x_wconf 82' lang='grc'><strong><em>63.</em></strong></span> <span class='ocrx_word' id='word_1_334' title='bbox 1257 4125 1361 4196; x_wconf 77' lang='grc' dir='ltr'><strong><em>γένηται</em></strong></span> 
     </span>
     <span class='ocr_line' id='line_1_36' title="bbox 214 4212 1361 4294; baseline -0.009 -17"><span class='ocrx_word' id='word_1_335' title='bbox 214 4219 249 4278; x_wconf 86' lang='lat' dir='ltr'><strong><em>C:</em></strong></span> <span class='ocrx_word' id='word_1_336' title='bbox 284 4222 388 4294; x_wconf 80' lang='grc' dir='ltr'><strong><em>γένοιτο</em></strong></span> <span class='ocrx_word' id='word_1_337' title='bbox 415 4215 583 4293; x_wconf 74' lang='grc' dir='ltr'><strong><em>Βεῐοιγοίιιο</em></strong></span> <span class='ocrx_word' id='word_1_338' title='bbox 714 4215 759 4271; x_wconf 83' lang='grc'><strong><em>70.</em></strong></span> <span class='ocrx_word' id='word_1_339' title='bbox 798 4215 899 4288; x_wconf 81' lang='grc' dir='ltr'><strong><em>δνὲμου</em></strong></span> <span class='ocrx_word' id='word_1_340' title='bbox 924 4215 998 4289; x_wconf 77' lang='grc' dir='ltr'><strong><em>ῥιπὴ]</em></strong></span> <span class='ocrx_word' id='word_1_341' title='bbox 1028 4213 1165 4287; x_wconf 79' lang='grc' dir='ltr'><strong><em>ἄνεμοςὴ</em></strong></span> <span class='ocrx_word' id='word_1_342' title='bbox 1195 4214 1258 4289; x_wconf 73' lang='grc' dir='ltr'><strong><em>ῥιπὴ</em></strong></span> <span class='ocrx_word' id='word_1_343' title='bbox 1286 4212 1308 4271; x_wconf 87' lang='lat' dir='ltr'><strong>G</strong></span> <span class='ocrx_word' id='word_1_344' title='bbox 1331 4213 1361 4272; x_wconf 78' lang='grc' dir='ltr'><strong>Μ</strong></span> 
     </span>
     <span class='ocr_line' id='line_1_37' title="bbox 214 4303 1359 4387; baseline -0.006 -17"><span class='ocrx_word' id='word_1_345' title='bbox 214 4315 260 4370; x_wconf 85' lang='grc'><strong><em>73.</em></strong></span> <span class='ocrx_word' id='word_1_346' title='bbox 279 4313 355 4387; x_wconf 73' lang='grc' dir='ltr'><strong><em>φορᾷ</em></strong></span> <span class='ocrx_word' id='word_1_347' title='bbox 371 4310 495 4379; x_wconf 73' lang='grc' dir='ltr'><strong><em>εὐωδίας]</em></strong></span> <span class='ocrx_word' id='word_1_348' title='bbox 513 4308 612 4383; x_wconf 78' lang='grc' dir='ltr'><strong><em>εόοιδίμ</em></strong></span> <span class='ocrx_word' id='word_1_349' title='bbox 630 4304 653 4364; x_wconf 82' lang='lat' dir='ltr'>C</span> <span class='ocrx_word' id='word_1_350' title='bbox 670 4305 709 4373; x_wconf 79' lang='grc' dir='ltr'><strong><em>Μ,</em></strong></span> <span class='ocrx_word' id='word_1_351' title='bbox 729 4306 778 4362; x_wconf 74' lang='lat' dir='ltr'><strong><em>cfr.</em></strong></span> <span class='ocrx_word' id='word_1_352' title='bbox 797 4305 868 4360; x_wconf 70' lang='lat' dir='ltr'>infra</span> <span class='ocrx_word' id='word_1_353' title='bbox 888 4325 914 4378; x_wconf 88' lang='lat' dir='ltr'><strong><em>p.</em></strong></span> <span class='ocrx_word' id='word_1_354' title='bbox 929 4308 992 4372; x_wconf 80' lang='lat'><strong>³16,</strong></span> <span class='ocrx_word' id='word_1_355' title='bbox 1011 4307 1047 4362; x_wconf 73' lang='lat'><strong><em>62</em></strong></span> <span class='ocrx_word' id='word_1_356' title='bbox 1060 4306 1104 4360; x_wconf 79' lang='lat' dir='ltr'><strong><em>ed.</em></strong></span> <span class='ocrx_word' id='word_1_357' title='bbox 1122 4303 1174 4360; x_wconf 81' lang='lat'><strong><em>01.</em></strong></span> <span class='ocrx_word' id='word_1_358' title='bbox 1248 4305 1359 4378; x_wconf 80' lang='grc' dir='ltr'><strong><em>Ἐπειδὴ</em></strong></span> 
     </span>
     <span class='ocr_line' id='line_1_38' title="bbox 218 4393 1357 4478; baseline -0.005 -19"><span class='ocrx_word' id='word_1_359' title='bbox 218 4405 241 4478; x_wconf 72' lang='grc' dir='ltr'><strong><em>ε’]</em></strong></span> <span class='ocrx_word' id='word_1_360' title='bbox 257 4404 387 4471; x_wconf 75' lang='grc' dir='ltr'><strong><em>Ἐπειδὴε</em></strong></span> <span class='ocrx_word' id='word_1_361' title='bbox 407 4401 479 4460; x_wconf 82' lang='grc' dir='ltr'><strong><em>Ἐπεί</em></strong></span> <span class='ocrx_word' id='word_1_362' title='bbox 497 4401 529 4470; x_wconf 87' lang='grc' dir='ltr'><strong><em>δὴ</em></strong></span> <span class='ocrx_word' id='word_1_363' title='bbox 546 4397 577 4457; x_wconf 83' lang='grc' dir='ltr'>Μ</span> <span class='ocrx_word' id='word_1_364' title='bbox 690 4400 735 4454; x_wconf 77' lang='grc'><strong><em>74.</em></strong></span> <span class='ocrx_word' id='word_1_365' title='bbox 762 4398 790 4452; x_wconf 80' lang='grc' dir='ltr'><strong><em>ιδ</em></strong></span> <span class='ocrx_word' id='word_1_366' title='bbox 810 4395 896 4454; x_wconf 80' lang='lat' dir='ltr'><strong><em>omC</em></strong></span> <span class='ocrx_word' id='word_1_367' title='bbox 1010 4397 1055 4452; x_wconf 76' lang='lat'><strong><em>75.</em></strong></span> <span class='ocrx_word' id='word_1_368' title='bbox 1079 4396 1189 4471; x_wconf 77' lang='grc' dir='ltr'><strong><em>τρόπον]</em></strong></span> <span class='ocrx_word' id='word_1_369' title='bbox 1208 4396 1307 4470; x_wconf 78' lang='grc' dir='ltr'><strong><em>τρόπον</em></strong></span> <span class='ocrx_word' id='word_1_370' title='bbox 1325 4393 1357 4453; x_wconf 75' lang='grc' dir='ltr'><strong><em>ὃν</em></strong></span> 
     </span>
    </p>
   </div>
   <div class='ocr_carea' id='block_1_7' title="bbox 1516 3865 1521 3956">
    <p class='ocr_par' dir='ltr' id='par_1_12' title="bbox 1516 3865 1521 3988">
     <span class='ocr_line' id='line_1_39' title="bbox 1516 3865 1521 3956; baseline 0 0"><span class='ocrx_word' id='word_1_371' title='bbox 1516 3865 1521 3956; x_wconf 74' lang='grc' dir='ltr'><strong><em>ι</em></strong></span> 
     </span>
    </p>
   </div>
   <div class='ocr_carea' id='block_1_8' title="bbox 0 0 1532 4970">
    <p class='ocr_par' dir='ltr' id='par_1_13' title="bbox 0 0 1532 4970">
     <span class='ocr_line' id='line_1_40' title="bbox 0 0 1532 4970; baseline 0 0"><span class='ocrx_word' id='word_1_372' title='bbox 0 0 1532 4970; x_wconf 95' lang='lat' dir='ltr'><strong><em> </em></strong></span> 
     </span>
    </p>
   </div>
  </div>
 </body>
</html>
