3052 4984
613 369 785 431 uoculae.
1199 360 1262 427 417

130 537 270 620 proxime
285 556 303 601 a
321 537 418 618 primo
437 535 508 621 deo,
532 537 584 618 qni
601 547 743 620 tanquam
764 554 871 602 semen
892 541 952 619 eal,
966 534 1149 616 posilionena
1165 542 1274 598 nactus

131 653 197 730 esi,
230 643 444 729 genitaliorem
477 644 606 726 reliquia
648 645 754 710 hahuit
792 651 992 727 poleslalem,
1031 641 1137 708 decies
1177 645 1314 707 semelffl

130 751 339 835 magnitudine
362 769 485 816 mensus
508 752 574 834 ipse
606 753 790 831 innnensus;
810 753 862 834 qui
885 757 987 815 aulem
1010 750 1166 831 positione
1188 750 1275 831 primi

130 858 228 923 lacius
252 865 299 922 eal
321 856 486 943 secundus,
509 860 614 924 sexies
637 866 736 925 semel
759 858 990 942 comprehendit
1004 857 1276 940 incomprehensi-

130 965 199 1030 bilis
214 965 281 1044 ille;
303 965 329 1028 is
354 973 470 1052 autern,
493 965 546 1047 qui
563 967 621 1030 iam
638 970 746 1032 lentius
763 969 925 1052 positione,
947 969 978 1030 in
993 967 1138 1030 infinitam
1159 966 1277 1029 dislan·

131 1073 201 1138 liam
215 1080 343 1156 propter
362 1074 550 1138 incremenla
566 1073 690 1139 lralrum
705 1075 834 1162 uelatus,
852 1096 919 1141 curn
938 1082 987 1138 ler
998 1081 1097 1139 sernel
1115 1076 1277 1158 cogitaret,

131 1189 272 1264 lanquann
288 1181 441 1245 vinculum
463 1182 618 1263 quoddam
638 1185 760 1248 unilalia
780 1191 878 1248 semel
900 1185 997 1266 ipsum
1022 1183 1119 1245 vinxil
1135 1200 1274 1245 aeonum.
1284 1187 1314 1237 τῦ

216 1289 247 1352 9.
291 1289 329 1352 El
350 1288 411 1352 hoc
435 1291 600 1372 opinantur
623 1291 654 1354 hi
678 1309 749 1355 ease
772 1290 820 1374 id,
852 1291 935 1373 quod
967 1292 1087 1361 ciclum,
1103 1297 1150 1354 ast
1173 1309 1189 1352 a
1213 1288 1277 1351 sal-

132 1403 257 1459 valorc:
281 1395 371 1460 Exiit
390 1398 545 1461 seminans
567 1399 611 1460 cd
631 1401 859 1477 seminandum,
882 1407 912 1462 el
934 1400 982 1477 id,
1005 1400 1090 1481 puori
1110 1399 1223 1460 cecidit
1243 1399 1277 1460 in

132 1511 245 1566 terram
264 1504 426 1586 poledrum
449 1514 480 1568 el
499 1505 626 1588 bonam,
655 1505 796 1585 saciabat
823 1507 911 1570 aliud
937 1514 1067 1583 centum,
1090 1505 1178 1568 aliud
1197 1525 1276 1567 aea-

131 1613 256 1693 apa'alc,
280 1613 368 1675 aliud
388 1614 528 1694 eripiam.
572 1614 610 1677 El
632 1621 798 1696 propterea
823 1614 912 1699 dlxii,
943 1613 1056 1695 inquil:
1093 1612 1153 1689 Oai
1185 1612 1277 1674 dodel

133 1737 226 1782 corea
248 1719 395 1782 audiendi
417 1721 545 1800 audica,
582 1721 653 1802 qnia
677 1719 757 1784 lraec
784 1739 847 1785 non
872 1719 910 1784 ab
934 1720 1075 1784 omnihus
1101 1719 1314 1784 audiunlumo

131 1823 246 1889 Omnes
268 1823 300 1888 hi
323 1843 456 1912 aeones,
481 1833 513 1890 el
534 1833 598 1891 ires
621 1827 663 1891 illi
688 1829 791 1909 etqui
814 1827 852 1892 ab
886 1829 923 1892 iis
954 1828 1012 1892 orii
1042 1833 1114 1892 sunl
1135 1825 1276 1890 inlinlliea

132 1931 240 1996 inliniri
262 1933 399 1998 universi
420 1940 492 1998 sunl
514 1953 632 2000 aeones
657 1935 929 1999 masculofeminei.
976 1934 1051 1999 cum
1081 1933 1175 2018 igilur
1205 1953 1277 1996 cre-

133 2049 243 2106 verunt
265 2049 296 2105 ct
319 2041 401 2106 aucti
425 2050 496 2106 sunl
520 2049 551 2108 el
574 2045 741 2106 exilierunt
762 2044 794 2105 lui
816 2061 924 2108 omnes
949 2063 989 2106 ex
1017 2061 1080 2108 unc
1103 2043 1154 2107 illo
1178 2045 1275 2124 primo

131 2151 267 2230 semine,
302 2159 474 2216 conccnlus
500 2152 547 2214 sui
578 2161 669 2234 alque
699 2151 823 2215 unilalis
856 2152 957 2214 cuncli
984 2151 1089 2233 simul,
1124 2150 1154 2213 ln
1183 2169 1275 2214 unum

132 2258 296 2340 congressi
319 2275 451 2322 aeonem
481 2259 617 2341 ipsorum
646 2259 795 2344 medium,
829 2265 947 2340 parlurn
981 2276 1173 2323 communem
1204 2258 1315 2321 uni-ra

132 2367 215 2431 versi
246 2376 423 2449 genuerunt
462 2385 502 2430 ex
540 2369 660 2452 virgine
687 2387 763 2449 una,
796 2367 982 2430 salvatorem
1013 2384 1141 2449 eorum,
1172 2366 1276 2447 quiin

133 2473 298 2537 mediolale
329 2481 417 2551 suot,
453 2477 607 2556 omniurn,
646 2474 784 2539 eiusdem
818 2475 855 2538 ab
887 2478 969 2539 omni
1000 2483 1086 2556 parle
1119 2474 1277 2555 polentiae

133 2587 225 2663 alque
248 2599 356 2644 sennen
377 2581 541 2645 ficulneum
554 2633 562 2666 ,
585 2585 642 2647 nisi
667 2583 750 2665 quod
774 2581 824 2644 hic
847 2584 970 2667 genitus
994 2583 1046 2665 sil,
1080 2581 1151 2644 illud
1174 2587 1275 2644 aulana

134 2687 261 2768 primuni
285 2706 412 2771 semen,
443 2687 526 2752 unde
556 2688 604 2751 lici
633 2689 727 2752 arbor
756 2691 872 2772 exiliit,
905 2690 1132 2772 non-genilum.
1185 2688 1277 2751 Posi-

133 2813 223 2876 quam
246 2796 337 2878 igilur
361 2798 461 2858 ornati
484 2803 554 2860 sunt
577 2804 640 2859 ires
667 2796 709 2859 illi
729 2815 845 2861 aeones
869 2799 950 2860 omni
973 2799 1084 2860 virlule
1108 2803 1139 2860 el
1161 2797 1317 2860 sancii-ao

133 2911 205 2986 lale,
229 2908 260 2965 ul
284 2903 448 2985 opinanlur
470 2903 500 2967 lui
524 2904 689 2988 docenles,
725 2911 756 2968 el
785 2904 863 2968 filius
890 2905 940 2968 ille
970 2905 1145 2987 unigenilus
1173 2902 1279 2987 (geni-

133 3015 182 3072 lua
205 3009 284 3072 eninr
319 3018 368 3072 esi
397 3010 482 3074 solus
514 3011 637 3076 infinitis
676 3011 737 3075 illis
770 3013 918 3076 aeonibus
955 3031 995 3076 ex
1024 3014 1183 3096 trigonium
1216 3018 1279 3076 ires

134 3117 213 3178 enini
251 3135 319 3179 euna
354 3128 532 3202 genuerunt
564 3122 796 3186 conseolienlca
827 3139 943 3184 aeones
972 3121 1138 3206 inmansi):
1171 3129 1278 3185 ornala

133 3231 201 3286 erar
223 3223 364 3288 absolula
388 3226 487 3288 omnis
511 3235 619 3290 nalura
647 3228 860 3310 inlelligibilis3
890 3228 942 3291 lux
970 3236 1070 3292 autern
1100 3234 1187 3292 arani
1210 3229 1280 3290 uoi-

133 3349 222 3395 versa
256 3331 305 3395 illa
335 3333 539 3417 intelligibilia
575 3343 605 3398 et
633 3344 782 3420 aelerna,
814 3334 867 3398 lux
903 3343 1004 3400 aulem
1041 3354 1103 3400 non
1138 3334 1318 3404 inlorrnissa

134 3456 236 3520 neque
258 3440 385 3526 ignava,
410 3459 511 3523 neque
534 3449 677 3525 tanquam
701 3443 844 3524 indigens
867 3443 984 3525 aliquo,
1019 3445 1071 3523 qui
1102 3443 1279 3521 subvenial;

134 3545 188 3608 sed
214 3563 283 3609 curn
309 3545 422 3612 lrabeat
444 3549 475 3613 in
498 3559 596 3614 sarnai
626 3553 691 3632 ipsa
719 3549 890 3614 secundum
914 3550 1135 3613 mulliludinem
1158 3549 1278 3613 illorum

133 3651 276 3717 inlinilies
310 3656 495 3722 infinitorum
529 3658 567 3722 ad
606 3660 775 3740 exemplum
811 3657 886 3720 licus
928 3657 1059 3720 inlinilas
1097 3657 1280 3741 animalium,

133 3776 213 3839 quae
237 3759 297 3824 illic
320 3771 411 3846 sunl,
444 3768 655 3848 pervasionum
679 3766 820 3848 speclea,
854 3765 929 3828 luxit
952 3763 1085 3846 desuper
1111 3766 1142 3826 in
1172 3765 1280 3828 subia-

134 3885 209 3929 cens
233 3866 336 3934 chaos.
389 3871 422 3934 ld
446 3879 545 3936 aulern
570 3873 777 3938 colluslralum
801 3870 889 3936 simul
913 3879 944 3935 el
966 3872 1190 3934 conformatum
1213 3872 1319 3953 illis,ac

132 4017 210 4090 μιᾶς,
233 4015 280 4070 τὸν
306 4012 335 4064 lv
364 4008 484 4076 μεσότητι
511 4013 622 4081 Μαρίας
646 4011 749 4081 σωτῆρα
772 4005 888 4085 πάντων]
915 4010 991 4073 μιᾶς,
1019 4013 1144 4079 Μαρίας,
1170 4007 1280 4078 σωτῆρα,

134 4110 177 4161 τὸν
195 4111 223 4162 ἐν
239 4101 360 4179 μεσότητι
376 4100 483 4154 πάντων
502 4096 536 4154 li.
556 4097 683 4154 Scottus:
702 4103 814 4170 Μαρίας
840 4097 987 4152 delendum
1007 4115 1069 4152 ease
1090 4105 1169 4168 palat
1187 4093 1282 4167 Saup-

134 4197 204 4270 pius.
232 4195 277 4250 An
295 4193 376 4265 μιᾶς,
394 4191 445 4244 τῶν
463 4193 492 4244 ἐν
514 4190 634 4262 μεσότητι
656 4191 760 4261 σωτῆρα
778 4189 905 4243 nulnum?
942 4184 984 4244 Ci.
1010 4187 1080 4242 infra
1100 4187 1118 4240 l.
1139 4185 1174 4252 X,
1192 4204 1216 4240 c.
1238 4187 1280 4238 lo.

133 4305 161 4359 p.
182 4287 245 4340 ³24.
277 4280 321 4336 ed.
352 4275 404 4335 01.
430 4279 555 4351 γεννῆσαι
585 4281 614 4332 lx
640 4281 779 4352 παρθένου
813 4283 923 4349 Μαρίας
961 4279 1063 4349 σωτῆρα
1090 4277 1142 4329 τῶν
1175 4275 1283 4329 πάντων

134 4377 179 4430 79.
196 4373 243 4428 80.
269 4368 537 4442 γενητὸς-ἀγένητον
556 4365 577 4422 C
596 4366 625 4423 ll
739 4369 786 4424 80.
805 4362 1019 4442 κεκοσμημένων]
1039 4365 1281 4438 καεκειεοσμεμὲνωι

135 4461 170 4518 Ca
189 4460 461 4530 αατακικασμημὲνων
487 4453 521 4512 ll.
542 4453 654 4512 Scollua
769 4459 815 4514 8⁴.
845 4454 1017 4529 dpirpraoaC
1141 4455 1187 4512 88.
1206 4455 1282 4524 κατὰ]

134 4551 180 4608 καῖ
198 4549 263 4605 κατὰ
285 4547 357 4603 σοιτί.
379 4545 409 4602 Μ

953 4649 994 4710 27
