3056 4970
214 278 278 344 τοο
322 276 360 364 (p.
375 283 446 342 ιεε.
462 275 544 362 τεο.)
633 279 727 338 mnan
751 279 783 353 v,
806 285 857 340 τε.
881 284 933 339 ττ.

177 453 262 538 abus)
297 448 440 535 άγαθῷ
467 445 569 530 εέμί,
605 443 673 511 ούκ
705 443 954 522 άν.ἐκδλαζε
982 447 1023 512 τδ
1055 450 1211 532 πνεῦμα
1239 448 1281 514 τδ
1316 449 1361 514 ἐν

215 565 300 630 τοῖς
322 549 568 638 άνθράποις
589 551 655 616 διά
677 553 743 638 τήν
766 554 1161 640 πατρικήνάγνοιαν.

302 663 355 726 27.
394 659 562 726 Ἐντεῦθεν
588 661 763 746 γέγραπται
791 659 827 726 δὲ
854 666 910 726 καί
935 661 1029 749 δρκος
1049 662 1086 726 ἐν
1106 664 1150 750 τῷ
1170 660 1286 751 πράττμ
1307 666 1361 745 βι-

217 769 297 858 βλίῳ
326 773 369 858 τῷ
399 769 647 857 ἐπιγραφομένῳ
669 767 816 850 Βαρούχ,
840 769 879 834 δν
901 768 1057 852 δρνίζουσι
1078 767 1149 843 τούς
1171 769 1361 836 κατακούειν

218 876 392 960 μέλλοντας
413 877 531 940 τούτων
552 877 615 938 τάν
640 876 818 959 μυστηρίων
838 879 893 940 καί
914 876 1079 941 τελείσθαι
1098 876 1190 958 παρά
1210 880 1253 964 τῷ
1277 874 1363 956 άγα-

180 998 209 1046 το
218 984 273 1068 θῷ
280 1007 289 1024 ·
322 983 361 1046 δν
386 981 496 1069 δρκον,
532 985 642 1068 φησίν,
677 982 801 1064 ὤμοσεν
830 979 848 1044 δ
879 982 982 1070 πατήρ
1010 981 1101 1068 ήμῶν
1117 981 1248 1066 Ἓλωείμ
1269 984 1362 1070 παρὰ

217 1091 261 1176 τῷ
283 1087 404 1176 άγαθῷ
425 1088 603 1172 γενόμενος,
627 1091 680 1150 καὶ
705 1085 743 1151 ού
764 1088 963 1175 μετεμελήθη
985 1087 1106 1173 ὀμόσας
1109 1137 1122 1166 ,
1153 1094 1227 1178 περί
1248 1087 1288 1155 ού
1307 1096 1362 1172 γέ-

216 1218 375 1280 γραπται,
411 1199 523 1280 φησίν,
549 1198 692 1278 Ὥμοσε
720 1195 858 1280 κύριος
887 1199 951 1258 καὶ
978 1193 1023 1259 ού
1043 1195 1363 1283 μεταμεληθήσε-

218 1325 293 1367 ται.
329 1303 411 1367 Ἔστι
434 1302 470 1367 δέ
491 1302 509 1368 6
534 1303 627 1390 ύρκος
648 1297 754 1376 ούτος·
779 1301 926 1384 Ὀμνύω
948 1303 1016 1367 τδν
1037 1299 1172 1366 ἐπάνω
1187 1302 1361 1382 πάντων,

219 1408 287 1473 τὸν
316 1407 494 1488 α’γαθδν,
524 1413 688 1497 τηρήσαι
717 1410 761 1472 τά
796 1409 995 1496 μυστήρια
1024 1411 1154 1474 ταῦτα
1177 1414 1247 1473 καὶ
1267 1410 1365 1487 ἐξει-

180 1526 311 1582 τοπείν
338 1517 497 1603 μηδενί,
526 1515 626 1602 μήδέ
654 1514 898 1601 ἀνακάμψαι
920 1514 996 1586 άπδ
1019 1518 1086 1579 τοῦ
1108 1514 1274 1594 άγαθοῦ
1295 1518 1364 1582 ἐπὶ

220 1624 288 1710 τήν
309 1627 449 1690 κτίσιν.
490 1621 646 1686 Ἐπειδάν
674 1622 710 1686 δὲ
738 1621 839 1713 ἐμύσή
859 1627 970 1688 τοῦτον
992 1623 1047 1688 τδν
1063 1619 1168 1708 ὅρκον,
1192 1623 1364 1710 εἰσέρχεται

219 1730 301 1817 πρὸς
321 1730 376 1796 τδν
398 1730 530 1811 α’γαθδν
551 1733 606 1793 καί
626 1727 747 1810 βλέπει,
773 1727 846 1792 ὅσα
869 1728 1090 1814 ὀφθαλμὸς
1110 1726 1180 1793 ούκ
1198 1729 1284 1794 είδο
1300 1738 1368 1796 καί

221 1831 290 1912 ούς
311 1835 382 1900 οῦκ
403 1837 549 1922 ήκουσε
572 1839 640 1899 καί
661 1836 726 1900 ἐπί
749 1835 922 1921 καρδίαν
943 1833 1169 1920 δνθροίπου
1191 1835 1367 1903 ούκδυέ-

220 1945 283 2028 βή,
312 1947 367 2006 καλ
387 1945 470 2006 πίνει
487 1941 560 2007 ’άπδ
582 1947 637 2008 τοῦ
660 1941 772 2017 ζῶντος
793 1942 923 2020 ῦδατος,
955 1941 1034 2026 ὅπερ
1065 1942 1129 2006 ἐστί
1150 1942 1284 2035 λουτρδν
1304 1946 1367 2010 αδ-

183 2059 293 2126 οοτοΐς,
318 2048 362 2125 τίς
382 2048 559 2132 νομίζουσι,
582 2047 665 2134 πήγή
688 2046 800 2124 ζῶντος
820 2049 937 2126 ύδατος
959 2049 1150 2132 ἁλλομένου.
1202 2053 1367 2133 Διακεχοί-

223 2170 325 2240 ρισται
353 2154 435 2242 γάρ,
465 2157 583 2239 φησίν,
619 2153 685 2219 άνά
713 2158 812 2238 μέσον
839 2153 956 2232 ύδατος
976 2159 1031 2219 καί
1052 2153 1184 2232 ύδατος,
1209 2162 1264 2220 καί
1285 2158 1368 2224 ἔστιν

223 2260 312 2347 ύδωρ
341 2262 375 2326 τδ
404 2257 554 2326 ὑποκάτω
580 2264 636 2348 τοῦ
669 2246 880 2346 σοορευίματος
906 2264 960 2347 τῆς
990 2266 1134 2347 πονηράς
1161 2267 1301 2343 κτίσεως,
1331 2267 1369 2332 ἐν

224 2363 251 2455 ᾧ
283 2366 431 2432 λούονται
456 2364 489 2432 οἱ
515 2373 616 2450 χοϊκοί
647 2374 702 2433 καί
731 2371 863 2456 ψυχικοί
892 2367 1076 2454 ἅνθρωποι,
1099 2373 1154 2433 καί
1175 2369 1263 2458 ύδωρ
1285 2371 1369 2437 ἐστίν

222 2470 374 2560 ύπεράνω
405 2477 460 2538 τοῦ
494 2473 704 2560 στερεάμαυος
733 2478 789 2538 τοῦ
821 2472 955 2552 άγαθού
986 2472 1062 2550 ζάν,
1095 2474 1132 2538 ἐν
1160 2471 1189 2562 ρί
1221 2475 1370 2542 λούονται

186 2577 258 2646 θοολ
280 2587 484 2665 πνευματικοί
515 2582 624 2660 ζῶντες
645 2584 836 2670 ἄνθρωποι,
877 2579 914 2644 ἐν
936 2576 963 2668 ᾧ
984 2579 1137 2646 ἐλούσατο
1154 2579 1291 2668 Ἐλωελμ
1316 2589 1371 2650 καί

226 2688 420 2772 λουσάμενος
441 2687 480 2752 ού
500 2689 707 2776 μετεμελήθη.
765 2691 827 2754 Καὶ
847 2686 926 2752 ὅταν
947 2686 1039 2777 λέγχ,
1063 2689 1176 2774 φησίν,
1199 2689 1218 2754 δ
1240 2691 1370 2777 προφή-

226 2820 279 2882 της
304 2795 453 2878 λαβεῖν
484 2795 611 2885 ἑαυτῷ
639 2797 645 2883 Ι
672 2807 852 2877 γυνατκα
884 2795 1098 2881 πορνείας,
1132 2792 1241 2858 διάει
1273 2819 1372 2883 πορ-

227 2903 405 2968 νεύουσα
432 2903 699 2990 ἐκπορνεύσει
728 2902 747 2988 ἢ
776 2905 822 2989 γή
849 2900 930 2966 άπδ
958 2902 1108 2965 ὄπισθε
1128 2903 1192 2964 τοῦ
1214 2905 1371 2986 κυρίου,

227 3013 381 3074 τουτέστιν
402 3007 421 3094 ή
439 3007 540 3093 Ἐδέμ
562 3009 629 3074 άπδ
651 3013 706 3074 τοῦ
724 3008 870 3092 Ἔλωείμ,
893 3009 929 3073 ἐν
950 3008 1086 3084 τούτοις,
1111 3011 1225 3094 φησίν,
1249 3006 1267 3071 δ
1288 3032 1372 3094 προ-

190 3115 326 3200 τοφήτής
357 3117 469 3199 σαφοῦς
497 3112 590 3178 λαλεῖ
608 3113 644 3177 τδ
667 3113 744 3179 δλον
766 3113 956 3200 μυστήριον,
989 3119 1045 3178 καί
1063 3111 1122 3179 οῦκ
1144 3113 1292 3180 ἀκούεται
1314 3115 1371 3180 διδ

228 3221 421 3307 τήνκακίαν
447 3223 502 3284 τοῦ
531 3219 635 3294 Νάας.
692 3223 783 3284 Κατά
812 3221 868 3286 τὸν
895 3219 993 3286 αύτδν
1020 3222 1142 3286 ἐκεῖνον
1170 3222 1292 3308 τρόπον
1318 3228 1374 3287 καί

229 3328 286 3404 τὰς
308 3327 412 3404 άλλως
433 3325 548 3400 λαλιὰς
568 3326 767 3412 προφήτικάς
789 3325 906 3410 ὁμοίως
925 3326 1109 3414 παρήδουσι
1132 3327 1187 3394 διδ
1214 3329 1374 3396 πλειόνων

229 3432 380 3516 βιβλίων,
417 3432 479 3496 ἔστι
508 3430 545 3494 δέ
575 3428 682 3506 αὐτοῖς
702 3437 947 3519 προηγουμένως
968 3433 1094 3517 βιβλίον
1115 3436 1374 3522 ἐπιγραφόμενον

230 3539 382 3628 Βαρούχ,
416 3539 453 3603 ἐν
480 3533 507 3625 ρί
535 3537 613 3624 δλρν
640 3539 695 3625 τήν
724 3545 778 3604 τοῦ
800 3541 910 3625 μύθου
933 3538 1040 3606 αὐτῶν
1062 3540 1221 3628 διαγωγήν
1243 3539 1261 3607 δ
1283 3543 1374 3608 ἐντυ-

193 3647 297 3728 οοχών
316 3644 479 3726 γνάσεται.
529 3644 675 3722 Πολλοῖς
695 3651 755 3730 μὲν
777 3645 836 3712 οὖν
858 3643 1016 3734 αἱρέσεσιν
1037 3647 1183 3728 ἐντυχάν,
1207 3646 1373 3734 ἀγαπητοί,

232 3751 339 3818 ούδενί
354 3753 463 3818 τούτου
475 3757 564 3839 κακῷ
576 3757 694 3838 χείρονι
711 3754 866 3836 ἐνέτυχον.
896 3753 1045 3840 Ἀλρθιῦς
1056 3753 1102 3831 δέ,
1122 3753 1228 3841 ω’σπερ
1242 3754 1373 3835 λέγεται,

233 3859 383 3925 νατδτδν
398 3859 495 3924 αύτοῦ
505 3859 666 3945 Ἡρακλέα
681 3859 732 3924 δελ
738 3863 976 3946 μιμησαμένους
985 3860 1169 3945 ἐκκαθᾶραι
1183 3861 1375 3947 τήνΑύγείου

232 3967 367 4054 κόπρον,
391 3967 565 4051 μᾶλλονδὲ
579 3966 728 4056 άμάραν,
751 3969 796 4042 είς
807 3967 847 4050 ἢν
859 3967 1045 4050 ἐμπεσόντες
1058 3965 1089 4031 οἳ
1103 3967 1213 4032 τούτου
1232 3968 1376 4051 ἐχόμενοι

233 4073 271 4140 οῦ
284 4073 414 4163 πάποτε
426 4072 732 4160 άποπλυθήσονται,
755 4071 826 4137 ἀλλ’
837 4056 913 4136 οὐδὲ
926 4071 1097 4162 άνακύψαι
1113 4073 1312 4160 δυνήσονται.

307 4233 350 4287 66.
371 4229 527 4302 ἀνθρώποις
544 4229 726 4302 Βοτοτχείοοε
752 4229 879 4302 ούρανοῖς
897 4225 919 4284 C
936 4225 966 4284 Μ
1081 4231 1125 4286 67.
1151 4231 1289 4287 Ἐντεῦθεν
1304 4232 1378 4305 quod

238 4324 382 4380 claudebat
408 4330 489 4395 οτριιῑ
515 4323 641 4394 nuperius
668 4321 722 4375 hun
746 4322 907 4377 retraximus
1026 4321 1071 4378 70.
1098 4323 1214 4395 τίμασεν]
1238 4322 1379 4396 ὠνόμασεν

239 4413 261 4472 C
374 4419 419 4474 72.
439 4417 482 4472 76.
506 4412 606 4472 Ροοίιο.
633 4415 692 4479 109,
711 4414 739 4468 4.
854 4417 899 4472 73.
925 4405 1010 4486 οὗτος]
1037 4411 1117 4476 οὕτως
1141 4411 1163 4470 C
1189 4411 1219 4469 Μ
1333 4413 1378 4470 76.
1428 4409 1432 4420 ’
