3056 4970
242 299 305 364 244
350 301 386 378 (ρ.
404 301 591 380 lew-1⁶9.)
694 302 788 360 ιιεεε
811 303 855 372 vl,
883 304 931 358 ιε.

134 468 136 474 ’
237 462 322 528 καθ’
350 462 511 546 ὁμοίωσιν.
566 463 672 528 Είκῶν
701 462 739 528 δέ
768 463 832 528 λστι
862 463 897 528 τδ
923 465 1053 545 πνεῦμα
1080 461 1115 526 νδ
1146 461 1381 548 ἐπιφερόμενον

236 569 348 634 λπάνοι
376 575 431 636 τοῦ
460 569 592 648 ὕδατος,
622 571 640 634 δ
668 571 730 635 έδν
757 570 801 655 μή
830 570 1047 659 έξεικονισθή,
1076 567 1155 650 μετὰ
1181 571 1237 632 τοῦ
1259 567 1379 650 κόσμου

237 673 418 750 άπολείται,
451 673 586 756 δυνάμει
612 685 727 757 μεῖναν
758 671 861 756 μόνον
889 677 944 736 καὶ
971 673 1014 756 μή
1037 669 1178 757 ἐνεργείᾳ
1198 669 1378 754 γενόμενον.

199 785 342 846 εοΤοῦτο
372 782 452 857 έστί,
485 784 579 866 φησί,
613 781 648 844 τό
676 781 859 868 εἰρημένον·
898 778 975 843 ’ίνα
1003 781 1053 862 μή
1077 777 1151 852 σδν
1171 781 1222 863 τῷ
1244 777 1377 863 κόσμῳ

236 891 573 973 κατακριθῶμεν.
615 885 689 951 Ἐάν
710 886 747 950 δὲ
767 885 968 974 έξεικονισδῇ
990 888 1044 948 καί
1061 885 1192 968 ’γένηται
1214 881 1281 948 άπδ
1295 900 1378 962 σπγ-

234 998 295 1079 μής
317 993 495 1079 άμερίστου,
518 993 562 1069 ῶς
581 995 756 1079 γέγραπται
776 992 814 1056 έν
835 1015 870 1082 τη
889 989 1099 1077 ΙἎποφάσει,
1122 991 1156 1054 εδ
1169 989 1284 1076 μικρὸν
1295 991 1378 1070 μέγα

233 1099 403 1184 γενήσεται.
450 1101 497 1164 Ta
517 1097 552 1163 δὲ
572 1102 655 1181 μέγα
675 1099 762 1162 ἔσται
783 1098 829 1172 είς
850 1097 905 1162 τδν
926 1098 1062 1182 ἄπειρον
1075 1097 1181 1160 αἰῶνα
1194 1099 1249 1159 καὶ
1268 1093 1378 1182 ἀπαρ-

235 1205 412 1282 άλλακτον,
450 1206 485 1270 τδ
511 1209 619 1291 μηκέα
648 1205 826 1288 γινόμενον.
876 1209 954 1279 Πῶς
981 1201 1040 1268 οὖν
1067 1208 1122 1266 καὶ
1147 1206 1218 1267 τίνα
1246 1200 1376 1288 τρόπον,

197 1316 329 1398 εεφησί,
358 1312 492 1376 πλάσσει
520 1313 578 1386 τδνΙ
597 1313 778 1398 ἄνθρωπον
798 1311 817 1376 δ
839 1311 936 1390 mc,-
964 1309 1018 1375 Ἐν
1043 1308 1249 1398 παραδείσῳ,
1278 1309 1377 1384 οὕτως

232 1422 295 1504 γάρ
318 1417 405 1506 αὐτῷ
427 1418 523 1484 δοκεῖ.
569 1420 665 1482 Ἔστω
672 1467 685 1496 ,
718 1421 812 1503 φησί,
842 1416 1038 1504 παράδεισος
1059 1416 1078 1503 ή
1099 1415 1219 1504 μήτρα,
1253 1419 1308 1480 καὶ
1329 1414 1376 1480 δτι

233 1526 326 1590 τοῦτό
346 1525 430 1590 έσπν
452 1525 578 1612 άληθές
597 1525 616 1612 ή
638 1525 746 1612 γραφή
770 1523 894 1602 διδάξει
917 1524 967 1588 δτε
989 1524 1088 1604 λέγει·
1132 1523 1225 1604 Ἐγῶ
1250 1524 1335 1604 είμι
1358 1519 1376 1584 ὁ

234 1631 429 1697 πλάσσειν
452 1649 490 1698 σε
511 1631 555 1697 έν
575 1633 704 1718 μήτρᾳ
725 1631 874 1717 μητρός
897 1648 978 1696 σου.
1024 1636 1087 1696 Καί
1109 1635 1199 1696 τοῦτο
1220 1631 1283 1717 γάρ
1294 1628 1376 1694 οὕτω

233 1740 326 1804 θέλει
344 1740 542 1827 γεγράφθαι.
590 1743 656 1804 Τόν
675 1737 883 1825 παράδεισον,
907 1741 1012 1824 φησίν,
1033 1737 1220 1825 άλληγορῶν
1250 1736 1268 1802 ό
1292 1743 1377 1802 Μοι-

211 1851 289 1931 1σής
309 1847 365 1931 τήν
385 1848 507 1932 μήτραν
526 1848 664 1932 εἴρηκεν,
698 1848 786 1931 εἴπερ
809 1844 860 1910 δεῖ
883 1848 926 1930 τῷ
956 1845 1041 1933 λόγῳ
1062 1847 1228 1910 πιστεόειν.
1278 1845 1319 1908 Εί
1339 1845 1377 1910 δὲ

233 1953 367 2019 πλάσσει
397 1953 415 2018 ό
443 1953 523 2028 θεὸς
543 1953 580 2017 έν
600 1954 702 2040 μήτρᾳ
723 1951 839 2040 μογερὸς
859 1952 914 2016 τδν
936 1953 1134 2034 ἄνθρωπον,
1165 1955 1319 2016 τουτέστιν
1340 1951 1377 2016 έν

138 2086 142 2108 ι
233 2059 435 2146 παραδείσῳ,
466 2059 509 2134 ῶς
536 2059 635 2144 ἔφην,
663 2057 739 2122 ἔσται
767 2057 964 2145 παράδεισος
985 2058 1005 2144 ή
1027 2058 1144 2145 μήτρα,
1167 2058 1261 2142 Ἐδδμ
1282 2058 1318 2123 δὲ
1340 2060 1375 2124 τὸ

233 2171 364 2252 χωρίον,
400 2167 585 2248 ποταμὸς
612 2165 949 2251 ἐκπορευόμενος
977 2165 1021 2243 έξ
1046 2164 1162 2248 Ἐδέμ
1190 2165 1377 2241 ποτίζειν

214 2274 303 2338 ετδν
325 2271 588 2357 παράδεισον
616 2270 816 2356 όδμφαλός.
865 2268 975 2350 Οὗτος,
1008 2275 1115 2358 φησίν,
1151 2271 1375 2359 άφορίζεταιδ

236 2379 386 2464 όμφαλδς
406 2380 452 2455 είς
472 2381 626 2466 τέσσαρας
649 2377 760 2464 άρχάς,
782 2377 982 2466 ἑκατέρωθεν
995 2379 1057 2463 γάρ
1079 2383 1134 2444 τοῦ
1152 2379 1304 2466 δμφαλοῦ
1316 2378 1376 2444 διίο

232 2485 311 2550 είσίν
339 2484 484 2570 άρτηρίαι
505 2487 777 2571 παρατεταμέναι,
801 2483 902 2566 όχετολ
923 2486 1110 2569 πνεύματος,
1134 2484 1271 2550 καὶδύο
1294 2485 1376 2570 φλέ-

232 2595 300 2674 βες,
344 2589 445 2672 όχετοί
480 2597 623 2675 αίματος.
687 2590 838 2656 Ἐπειδὰν
870 2589 921 2669 δέ,
952 2596 1070 2678 φησίν,
1104 2591 1172 2658 άπδ
1201 2597 1256 2657 τοῦ
1280 2592 1376 2676 Ἐδὲμ

230 2702 347 2785 χωρίου
369 2698 619 2786 ίκπορευόμενος
640 2697 659 2762 δ
682 2697 831 2783 ὀμφαλός
852 2697 960 2790 έμφυῇ
985 2703 1029 2786 τῷ
1057 2702 1216 2787 γενομένῳ
1237 2700 1319 2764 κατὰ
1339 2695 1373 2764 τό

192 2805 446 2892 έοέπιγάστριον,
478 2805 520 2874 δν
538 2809 652 2881 κοινῶς
672 2806 787 2880 πάντες
813 2806 1104 2892 προσαγορεύουσιν
1134 2805 1373 2892 ὀμφαλόν

231 2911 266 2976 αἶ
289 2909 324 2975 δέ
349 2911 408 2976 δύο
431 2910 560 2996 φλέβες,
594 2910 634 2976 δι’
666 2908 712 2976 οίν
738 2911 789 2998 ῥεί
814 2917 870 2976 καὶ
891 2916 1020 2999 φέρεται
1043 2911 1110 2978 dud
1131 2919 1187 2978 τοῦ
1205 2912 1298 2999 Ἐδέμ
1319 2918 1374 2979 τοι·

229 3021 346 3102 χωρίου
368 3019 403 3080 τδ
426 3015 506 3100 αίμα
528 3018 609 3080 κατά
631 3017 687 3092 τάς
707 3016 909 3100 καλουμένας
928 3017 1035 3094 πάλας
1054 3024 1111 3082 τοῦ
1132 3021 1268 3104 η’πατος,
1292 3025 1382 3084 atu-¹

230 3145 281 3198 νες
301 3128 335 3188 τδ
363 3125 561 3206 γεννῶμενον
581 3126 765 3209 τρέφουσιν·
797 3121 833 3187 αἱ
855 3123 891 3188 δὲ
913 3123 1073 3211 άρτηρίαι,
1098 3125 1137 3200 άς
1160 3126 1282 3212 ἔφημεν
1303 3125 1375 3208 δχε-

229 3231 301 3304 τοδς
330 3232 414 3295 εἶναι
443 3231 638 3313 πνεύματος,
679 3229 880 3316 ἑκατέρωθεν
915 3231 1147 3317 περιλαβοῦσαι
1179 3233 1235 3317 τήν
1267 3233 1375 3298 νόσον

194 3340 310 3400 ίεκατα
331 3336 366 3402 τδ
386 3336 490 3402 πλατδ
512 3335 634 3412 όστοῦν,
657 3338 738 3423 πρδς
750 3339 806 3422 τήν
822 3335 963 3424 μεγάλην
980 3337 1194 3403 συνάπτουσιν
1210 3337 1373 3425 ἀρτηρίαν,

228 3445 285 3528 τήν
305 3445 386 3507 κατά
409 3442 505 3529 ῥάχιν
525 3441 726 3528 καλουμένην
747 3441 874 3529 άορτήν,
904 3449 958 3506 καί
980 3443 1079 3518 οὕτως
1100 3443 1157 3507 διδ
1178 3449 1242 3508 τῶν
1261 3467 1375 3531 παρα-

228 3549 344 3636 θόρων
364 3549 417 3614 ἐπὶ
446 3550 502 3634 τήν
525 3549 663 3634 καρδίαν
694 3549 833 3614 ὁδεῦσαν
860 3550 894 3614 τό
916 3553 1043 3632 πνεῦμα
1067 3554 1189 3634 κίνησιν
1210 3549 1374 3637 ἐργάζεται

228 3661 291 3722 τῶν
312 3657 473 3744 έμβρόοιν.
526 3655 752 3741 Πλπττόμενυν
772 3657 835 3742 γὰρ
855 3657 889 3720 εδ
910 3659 1032 3742 βρέφος
1051 3657 1088 3720 έν
1114 3660 1157 3743 τῷ
1185 3656 1371 3744 παραδείσῳ

228 3763 299 3826 οὔτε
319 3767 363 3850 τῷ
385 3764 514 3848 στόματι
535 3765 657 3850 τροφήν
676 3763 681 3848 1
701 3762 878 3847 λαμβάνει,
909 3764 980 3826 οὔτε
1000 3773 1070 3838 ταῖς
1090 3762 1174 3849 ῥισίν
1196 3763 1371 3829 άναπνέει·

191 3866 264 3934 έυέν
293 3865 401 3953 δγρυίς
429 3871 490 3954 γάρ
520 3866 696 3955 ὑπάρχοντι
723 3867 810 3956 αὐτῷ
832 3868 923 3954 παρά
945 3866 1053 3943 πόδας
1073 3866 1113 3954 ήν
1135 3869 1153 3932 ό
1176 3869 1321 3945 θάνατος
1340 3871 1371 3933 εί

226 3973 440 4040 α’νέπνευσεν·
472 3975 674 4039 ἐπεσπάσατο
701 3975 763 4061 γάρ
786 3975 829 4038 άν
850 3973 918 4038 άπδ
939 3979 1002 4040 τῶν
1022 3973 1129 4062 όγρῶν
1149 3981 1209 4038 καί
1229 3976 1373 4061 ἐφθάρη.

222 4081 323 4146 ’Am
353 4083 415 4168 γάρ
446 4080 524 4146 όλον
555 4083 792 4167 περιέσφιγκται
826 4085 869 4167 τῷ
898 4080 1085 4168 καλουμένῳ
1115 4084 1223 4161 χιτῶνι
1252 4081 1367 4169 άμνίῳ,

225 4191 371 4275 τρέφεται
401 4187 438 4252 δέ
468 4185 506 4252 δι’
536 4184 689 4272 όμφαλοῶ
718 4191 772 4250 καὶ
804 4184 858 4251 διά
889 4191 942 4272 τῆς
968 4189 1050 4252 κατά
1079 4187 1188 4274 ῥάχιν,
1213 4185 1257 4263 ῶς
1278 4187 1370 4274 ἔφην,

226 4296 281 4382 τήν
301 4299 356 4358 τοῦ
377 4295 557 4377 πνεύματος
578 4273 692 4358 οὐσίαν
714 4292 882 4377 λαμβάνει.

295 4417 340 4472 87.
360 4417 404 4471 τοῦ
422 4411 658 4489 ἐπιφερομένουῦ
774 4418 819 4470 90.
839 4415 883 4470 91.
913 4411 1009 4469 lCor.
1031 4414 1072 4482 11,
1091 4419 1136 4478 32.
1251 4413 1295 4468 93.
1326 4415 1370 4468 94.
