3006 4976
594 309 772 369 naissum.
1072 283 1076 294 '
1206 303 1267 369 1⁵3

125 479 233 562 mady,
255 477 289 542 io
311 495 372 560 qao
392 496 452 540 cce
474 456 580 540 hihcas
601 479 788 558 auspicetur.
836 476 909 560 lico,
932 478 1035 559 inquit,
1060 477 1267 542 absconditum
1279 493 1308 543 10

126 593 282 669 repertum
305 591 352 650 est
372 585 402 648 in
425 585 557 666 pulchris
577 584 732 648 Beniamin
754 585 965 676 sperminihus.
1010 586 1187 668 Significant
1208 605 1268 651 au-

127 702 188 758 tern
211 693 242 758 id
264 696 355 758 etiam
379 693 498 778 Graeci,
520 693 624 777 inquit,
647 694 692 756 sio
715 690 827 756 furenti
851 709 922 757 ore:

413 821 475 886 Fer
496 837 614 904 aquam,
637 819 684 884 ier
706 821 818 902 vinum,
841 837 859 884 ο
882 839 969 904 puer,

415 926 568 992 lnehriato
591 946 639 991 me
663 934 693 991 et
715 927 854 992 mulceto.

416 1035 559 1100 Poculum
582 1034 651 1100 dicit
673 1053 784 1119 meum,
1282 1051 1312 1102 io

420 1142 554 1206 cuiatem
579 1161 627 1206 me
648 1141 716 1204 lieri
738 1145 885 1222 oporteat.

218 1278 298 1362 lioc,
328 1277 438 1359 inquit,
473 1277 642 1341 sufficiehat
673 1276 770 1341 solum
802 1275 956 1360 cognilum
986 1270 1157 1336 hominibus
1186 1267 1274 1332 Ana·

131 1385 268 1448 creontis
290 1384 430 1466 poculum
453 1391 565 1447 mulum
588 1383 717 1466 loquens
741 1383 916 1466 mysterium
946 1379 1122 1443 ineffabile«
1161 1376 1275 1439 hiatum

132 1493 229 1573 enim,
252 1491 362 1574 inquit,
384 1493 584 1554 Anacreontis
605 1490 762 1574 poculum,
793 1489 873 1571 quod
899 1489 1061 1552 Anacreon
1086 1485 1142 1549 sihi
1165 1487 1205 1548 ait
1226 1484 1276 1546 lo·

134 1601 187 1681 qui
211 1607 290 1662 muta
313 1599 443 1680 loquela,
466 1599 594 1662 cuiatem
620 1604 759 1680 oporteat
785 1615 853 1660 eum
877 1595 952 1680 lieri,
982 1594 1040 1658 hoc
1063 1600 1110 1657 est
1131 1591 1313 1674 spiritua-eo

133 1707 206 1787 lem,
229 1725 290 1768 non
314 1706 476 1788 carnalem,
502 1708 527 1771 si
549 1707 676 1770 audierit
698 1705 887 1769 reconditum
911 1703 1085 1786 mysterium
1108 1719 1165 1783 per
1180 1700 1277 1764 silen-

135 1815 218 1878 tium.
275 1813 312 1875 Et
333 1812 393 1876 hoc
415 1821 460 1876 est
483 1832 562 1894 aqua
585 1817 615 1876 in
637 1813 770 1895 pulchris
793 1813 850 1874 illis
874 1812 1002 1893 nuptiis,
1032 1829 1121 1892 quam
1143 1826 1276 1872 conver-

134 1928 204 1983 tens
227 1918 312 1982 lesus
336 1917 407 1983 iecit
428 1921 540 1984 vinum.
591 1921 664 2003 Hoc,
686 1923 790 2004 inquit,
814 1927 862 1982 est
883 1937 1024 2000 magnum
1048 1925 1078 1981 et
1099 1933 1276 1998 germanum

139 2027 254 2090 initium
275 2029 442 2110 signorum,
467 2027 547 2108 quod
570 2027 640 2090 iecit
661 2026 747 2091 lesus
767 2027 797 2090 in
820 2025 902 2090 Cana
927 2026 1080 2090 Galilaeae
1101 2033 1132 2088 et
1147 2024 1278 2088 manile-

137 2136 227 2200 staril
248 2153 377 2219 regnum
401 2133 564 2198 caelorum.
608 2134 689 2218 lico,
720 2135 824 2218 inquit,
849 2140 896 2196 est
917 2151 1045 2215 regnum
1069 2134 1223 2196 caelorum
1247 2133 1318 2194 into

142 2245 294 2308 nobismet
320 2244 392 2326 ipsis
422 2243 611 2306 reconditum
643 2250 784 2326 tanquam
815 2242 993 2324 thesaurus,
1034 2248 1066 2305 ut
1099 2239 1278 2303 fermentum

136 2351 167 2415 in
191 2350 308 2414 farinae
333 2351 405 2413 satis
429 2351 524 2414 trihus
548 2349 764 2412 absconditum.
810 2349 887 2430 lioc,
922 2349 1034 2431 inquil,
1068 2354 1115 2411 est
1137 2364 1279 2428 magnum

138 2467 169 2522 cl
191 2457 344 2523 ineffabile
367 2458 593 2524 Samothracum
621 2457 815 2540 mysterium,
845 2455 926 2539 quod
953 2456 1026 2518 solis
1057 2455 1126 2517 licet
1158 2471 1281 2534 cogno-

140 2569 223 2630 visse
245 2567 405 2650 perlectis,
426 2567 535 2650 inquit,
559 2565 656 2628 nohis.
712 2565 833 2628 Diserte
856 2565 935 2625 eninr
958 2561 1170 2625 Samothraces
1194 2560 1281 2624 Ada-

140 2695 220 2739 mum
250 2674 331 2739 illum
360 2675 483 2738 tradunt
510 2676 540 2736 in
567 2673 737 2756 mysteriis,
769 2689 848 2753 quae
878 2669 957 2752 apud
989 2686 1046 2732 eos
1077 2667 1319 2747 celebrantur,to

138 2786 302 2866 primorem
325 2781 487 2845 hominem.
530 2781 616 2845 Stant
637 2785 878 2858 autemstatuae
900 2776 978 2839 duae
1000 2777 1030 2838 in
1051 2773 1279 2840 Samothracum

140 2890 255 2972 templo
291 2889 443 2952 hominum
467 2888 618 2952 nudorum
640 2893 808 2950 surrectum
832 2883 1006 2948 habentium
1029 2891 1190 2965 utramque
1213 2899 1282 2944 ma-

141 3016 214 3061 num
242 2999 274 3060 iu
305 2996 423 3060 caelum
455 3001 486 3059 et
512 2993 654 3078 pudenda
687 3011 807 3057 sursum
837 3001 942 3074 tensa,
978 2993 1066 3057 sicuti
1094 2992 1124 3054 in
1155 2990 1281 3073 Cyllene

141 3112 248 3168 monte
281 3103 433 3168 Mercurii.
495 3102 649 3188 Imagines
678 3109 779 3165 autem
805 3107 876 3164 sunt
906 3117 997 3182 supra
1027 3105 1282 3163 commemoratae

141 3220 259 3276 statuae
289 3212 429 3294 primoris
458 3210 587 3274 hominis
616 3217 647 3272 et
673 3210 773 3272 renati
802 3208 965 3290 spiritualis
996 3226 1052 3291 per
1074 3208 1174 3271 omnia
1197 3207 1322 3270 elusor

142 3321 211 3384 dem
235 3327 363 3383 naturae
388 3337 455 3382 cum
478 3319 529 3381 illo
551 3317 682 3381 homino.
737 3315 804 3379 lioc
827 3323 893 3399 est,
918 3317 1033 3400 inquit,
1066 3313 1148 3396 quod
1173 3313 1283 3376 dictum

143 3435 193 3492 est
225 3445 242 3491 a
273 3426 444 3491 salvatore:
475 3425 545 3490 Nisi
574 3424 677 3488 hihilir
705 3443 803 3486 mmm
830 3424 1011 3506 sanquinem
1037 3431 1070 3486 et
1090 3422 1284 3485 medaeam
1307 3507 1315 3518 Ι

142 3619 264 3690 βασιλεία
281 3613 591 3688 encomiasticum
609 3613 684 3670 ἐστίν.
719 3611 817 3670 Metili.
840 3614 882 3680 13,
899 3614 936 3670 44
955 3612 1038 3686 ὁμοία
1056 3611 1124 3668 laria
1142 3611 1284 3682 ἧβασιλσὸα

140 3711 195 3765 ταῖν
219 3707 343 3781 οὖρανὸν
365 3707 494 3780 θησαυρῷ
517 3709 691 3782 κεκρυμμένῳ
715 3710 745 3762 ἓν
766 3708 801 3780 τῷ
826 3705 918 3780 ἀγρῷ·
947 3703 1045 3765 ΜιίῑΙι.
1068 3705 1109 3770 13,
1134 3705 1169 3759 33
1188 3702 1285 3776 ‘oracio

142 3801 212 3856 ἐστὶν
234 3800 249 3866 ἡ
267 3802 387 3869 flaminio
411 3799 462 3853 τῶν
484 3797 608 3870 οὐρανῶν
626 3798 707 3873 ζύμῃ,
732 3797 764 3868 ἢν
777 3801 897 3870 λαβοῦσα
913 3799 981 3873 ,ανῆ
997 3800 1140 3871 ἐνέκρυψεν
1153 3798 1190 3859 ε1ς
1208 3795 1284 3851 ἀλεύ-

143 3913 195 3965 ρον
212 3891 279 3948 rom
295 3895 354 3964 ιρόα
462 3893 507 3947 73.
531 3895 578 3962 ais]
603 3891 640 3954 uir
658 3889 680 3947 C
698 3890 728 3948 Μ
843 3893 888 3949 83.
913 3891 995 3966 Ἀδὰμ
1014 3887 1056 3946 Gi.
1075 3887 1168 3960 Bergk
1192 3885 1282 3944 Poett.

143 3984 208 4057 hyr.
227 4003 255 4056 p.
278 3985 343 4040 1041
453 3984 498 4039 85.
517 3983 563 4039 86.
586 3986 737 4058 τεταμένας]
760 3981 908 4058 πμὲναςῦ
1016 3983 1145 4039 91-95.
1172 3978 1214 4036 cl.
1233 3979 1284 4036 Er.

143 4077 191 4134 Jo.
209 4080 241 4142 6,
260 4077 295 4132 53
314 4076 361 4132 ἐὰν
377 4076 416 4150 μὴ
432 4075 532 4148 φάγητε
549 4076 595 4144 τὴν
614 4077 700 4148 σάρκα
717 4077 764 4131 wo
780 4075 841 4131 nich
857 4076 902 4130 mai
921 4074 1068 4148 ἀνθρώπου
1086 4075 1132 4130 xci
1149 4077 1220 4140 atyn
1238 4072 1286 4127 αὖ·

142 4169 190 4225 παῦ
208 4169 235 4224 τὸ
254 4171 333 4242 αἷμα,
352 4169 401 4223 oriar
419 4171 485 4240 ἔχετε
505 4168 572 4235 ζωὴν
589 4171 618 4223 ἐν
635 4169 745 4230 ἑαυτοῖς.
788 4168 885 4224 Marah.
910 4169 961 4235 20,
981 4169 1018 4222 22
1035 4167 1152 4222 δύνασθε
1169 4169 1242 4218 πιεῖν
1259 4163 1287 4219 ni

142 4259 270 4332 ποτήριον
288 4257 303 4314 ὃ
321 4260 374 4333 lyei
391 4263 479 4334 μέλλω
497 4265 599 4326 nivem
632 4259 717 4316 Marc.
740 4262 786 4326 lo,
803 4262 839 4316 38
863 4260 980 4316 δύνασθε
998 4263 1070 4314 πιεῖν
1086 4257 1114 4311 τὸ
1131 4251 1287 4326 homoesuii

144 4353 198 4424 lyci
217 4355 286 4406 πίνω
305 4371 330 4405 α.
348 4371 368 4404 τ.
387 4353 411 4409 λ.
430 4348 481 4406 Er.
500 4347 545 4406 Jo.
564 4353 592 4418 8,
608 4355 641 4407 21
663 4362 693 4409 ei
713 4355 753 4420 13,
772 4355 808 4410 33
827 4351 894 4408 ὅπου
913 4352 965 4425 1γῶ
983 4349 1079 4423 ὑπάγω
1098 4348 1174 4422 limfis
1191 4347 1222 4402 οὗ
1241 4347 1288 4403 δῦ·

144 4445 230 4497 νασθσ
248 4442 344 4496 ἐλθεῖν.
452 4441 497 4496 91.
516 4440 612 4516 φάγω
631 4438 654 4496 G
