3052 4984
644 357 773 419 ussum.
1215 303 1284 420 479ι

137 526 229 588 etiem
253 527 278 588 si
302 525 385 608 quod
408 525 551 605 scriptum
576 527 616 588 sit
642 526 786 589 fidelium.
838 525 1008 588 Admodum
1037 536 1138 590 eutem
1166 529 1280 592 curiosi

132 641 204 697 sunt
218 635 300 698 circe
323 632 436 698 herbas
459 641 490 696 ot
512 635 648 718 lapides,
671 636 860 699 curiosiores
885 633 1042 698 elfioociue
1065 653 1188 720 eorum,
1212 655 1279 698 cum

136 742 239 805 dicant
260 740 340 805 baud
365 741 477 806 lrustra
500 740 579 806 hoec
602 759 674 805 esse
695 742 786 804 lucto.

223 847 275 917 23.
320 852 359 916 lis
383 861 501 936 nutem,
524 853 576 934 qui
599 859 705 915 sectae
729 850 866 932 discipuli
890 850 957 915 lieri
974 852 1093 933 volunt,
1116 869 1178 914 non
1199 870 1280 915 con-

136 959 221 1023 tinuo
244 969 409 1042 praecepte
432 979 488 1024 sua
519 959 659 1042 trudunt,
690 959 748 1022 nisi
778 967 867 1022 nrrteo
899 977 955 1022 eos
984 957 1195 1042 probaverint,
1225 969 1319 1041 perte

137 1084 248 1130 ennom
273 1076 372 1132 nutem
395 1069 432 1132 iis
456 1067 631 1132 consimiles
654 1069 740 1131 eibos
764 1075 920 1150 opponunt
943 1075 1030 1132 extro
1047 1069 1183 1150 ipsorum
1201 1085 1282 1130 con-

137 1181 261 1238 ventum
288 1177 319 1238 in
348 1176 406 1240 alio
436 1176 529 1240 domo
559 1175 757 1260 degentibus,
792 1185 954 1259 postquam
984 1184 1015 1240 et
1047 1176 1229 1240 dolabellam
1253 1185 1284 1239 et

137 1282 263 1346 linteum
293 1283 365 1347 illud
401 1285 592 1367 perizonium
623 1290 653 1348 et
679 1291 797 1348 vestem
835 1284 933 1349 olbom
953 1285 1172 1350 ¹tradiderunt.
1227 1285 1283 1349 Ubi

105 1371 111 1384 ’
138 1389 198 1454 boc
222 1399 361 1474 tempore
391 1391 607 1456 documentum
634 1393 844 1456 continentiae
876 1392 975 1478 dedit,
1007 1395 1131 1476 propius
1165 1397 1202 1456 nd
1234 1395 1285 1457 vi-

138 1505 200 1562 tum
223 1500 397 1581 victumque
420 1500 539 1564 accedit
562 1501 730 1583 puriusque
753 1501 884 1564 abluitur
907 1521 996 1584 quom
1021 1511 1128 1586 entes,
1151 1503 1324 1566 nondumoo

140 1625 215 1671 vero
246 1627 314 1672 cum
347 1608 383 1672 iis
411 1609 510 1672 cibum
541 1611 639 1672 sumit.
694 1609 857 1691 Postquam
889 1612 967 1672 enim
1001 1609 1150 1695 ostendit,
1187 1628 1226 1672 on
1251 1627 1286 1672 se

141 1715 304 1780 continere
327 1719 435 1800 possit,
458 1735 514 1798 per
540 1717 601 1781 duo
626 1717 702 1781 elios
727 1735 825 1781 onnos
849 1724 1004 1781 tententur
1020 1717 1156 1782 eiusdem
1173 1735 1286 1800 mores,

141 1832 171 1884 et
195 1823 306 1908 dignus
328 1826 380 1888 ubi
403 1827 486 1889 visus
510 1833 575 1909 est,
597 1828 637 1889 ite
660 1827 740 1889 inter
763 1844 818 1890 eos
835 1835 989 1891 censetur.
1033 1825 1211 1908 Priusquam
1230 1846 1287 1890 ou·

141 1938 203 1994 tem
218 1949 286 1996 eum
304 1933 341 1996 iis
365 1935 555 2018 concinnior,
578 1933 764 1998 terribilibus
785 1936 964 1998 iuramentis
987 1933 1196 2019 obstringitur,
1220 1935 1287 1998 lore

141 2042 312 2121 utprimum
337 2042 457 2123 quidem
483 2039 615 2106 divinum
639 2060 752 2105 numen
775 2042 824 2124 ple
847 2041 942 2125 colet,
966 2050 1026 2106 tum
1051 2061 1125 2124 ergo
1148 2041 1326 2109 hominesue

142 2146 283 2210 iustitium
323 2150 474 2214 custodiet
505 2149 651 2232 nulloque
682 2149 774 2213 modo
809 2168 991 2232 quemquem
1027 2151 1137 2214 iniuria
1168 2149 1290 2233 alliciet,

143 2259 296 2320 neminem
319 2266 439 2343 autem,
462 2277 564 2341 neque
587 2259 767 2322 iniuriosum
790 2277 893 2341 neque
916 2257 1053 2342 bostem,
1078 2258 1151 2322 odio
1168 2257 1290 2343 hebent,

143 2381 252 2445 preces
275 2384 353 2429 vero
375 2385 432 2448 pro
454 2368 491 2430 iis
514 2365 623 2452 faciut,
647 2367 771 2431 adiuvet
793 2385 916 2449 semper
937 2369 1053 2452 iustos,
1076 2367 1167 2431 fidem
1189 2367 1290 2431 omni·

143 2471 200 2536 bus
215 2482 328 2558 seruet,
352 2477 482 2538 maxime
505 2477 552 2560 iis,
575 2477 627 2557 qui
650 2476 809 2557 imperium
832 2483 958 2539 teneant
982 2510 1021 2521 -
1045 2493 1107 2539 non
1125 2477 1205 2539 enim
1222 2476 1290 2539 sine

144 2581 204 2644 deo
228 2581 371 2646 occidere
395 2584 534 2665 cuiquem
560 2582 798 2647 dominationem
822 2619 861 2630 -
894 2590 925 2647 et
954 2583 981 2647 si
1012 2585 1078 2666 ipse
1107 2584 1329 2668 dominetur,ro

144 2694 177 2752 ut
199 2707 354 2770 nunquam
377 2691 535 2772 superbiet
556 2697 709 2772 potestate
717 2742 725 2775 ‚
749 2709 852 2772 neque
875 2690 1023 2775 prodigus
1052 2691 1159 2755 situel
1182 2700 1291 2756 ornatu

144 2798 263 2861 maiore
286 2815 376 2878 quum
401 2816 467 2863 mos
493 2799 531 2862 sit
555 2805 670 2877 utrium
693 2799 852 2863 veritatem
876 2806 977 2863 eutem
999 2804 1093 2883 emet,
1116 2817 1185 2862 eum
1206 2817 1291 2881 vero,

143 3005 290 3087 κρίνεται.
332 3006 417 3088 Πρὶν
439 3002 475 3066 δὲ
495 3007 549 3088 αῖς
569 3005 677 3088 κοινῆς
705 3002 866 3090 ἅψασθαι
897 3007 1017 3088 τροφῆς
1045 3000 1158 3088 ὅρκους
1185 3000 1293 3077 αὐτοῖς

145 3113 257 3197 ὄμνυσι
280 3110 466 3198 φρικώδεις,
490 3115 617 3198 πρώιον
638 3115 698 3195 μὲν
720 3110 900 3198 εὐσεβήσειν
930 3111 964 3175 cd
995 3112 1100 3189 θετον,
1124 3111 1232 3175 ἔπειτα
1253 3111 1292 3174 τά

144 3227 225 3308 πρὸς
247 3220 448 3309 ἀνθρώπους
476 3220 586 3285 δίκαια
614 3220 771 3307 φυλάξειν
805 3219 1034 3306 (διαφυλάξειν
1064 3221 1205 3306 Porph.),
1239 3225 1293 3285 xci

142 3332 219 3418 μήτε
240 3332 320 3396 κατὰ
341 3330 472 3417 γνώμιγν
497 3330 642 3419 βλάψειν
672 3333 743 3395 τινὰ
771 3331 846 3416 μήτε
875 3330 910 3407 ἐξ
935 3330 1166 3413 ἐπιτάγματος,
1200 3331 1294 3415 μισή-

144 3459 209 3505 σειν
242 3439 278 3504 dd
309 3438 360 3504 o'sl
386 3439 458 3515 τοὺς
487 3437 618 3514 ἀδίκους
640 3445 694 3503 καὶ
716 3442 986 3519 συναγωνιεῖσθαι
1009 3435 1295 3526 (συναγωνίζεσθαι

145 3551 265 3636 ΡοεμΙι.)
281 3559 345 3625 τοῖς
368 3549 513 3627 δικαίοις,
535 3549 570 3614 ud
593 3550 704 3613 πιστὸν
725 3547 775 3612 ἀεὶ
797 3550 895 3634 (πᾶσι
916 3553 976 3632 μὲν
998 3550 1124 3634 Porpb.)
1143 3549 1295 3631 παρέξειν

144 3661 242 3734 πᾶσι,
264 3655 401 3741 μάλιστα
435 3657 471 3722 dd
502 3668 567 3733 οοτς
597 3662 779 3745 κρατοῦσιν·
811 3655 851 3722 οὐ
879 3656 940 3742 γάρ
971 3655 1046 3738 δίχα
1067 3659 1151 3720 θεοῦ
1172 3659 1294 3741 περιγλ-

145 3768 263 3830 νεσθαλ
283 3789 343 3831 τινι
373 3770 448 3849 (τισι
471 3769 598 3852 Porplr.)
631 3767 665 3831 cd
696 3769 821 3852 ἄρχειν·
852 3769 915 3831 κάν
951 3765 1047 3841 αὐτὸς
1073 3767 1155 3858 ἄρχῃ
1188 3767 1294 3850 (ἄρχει

146 3877 291 3961 Porpb.),
314 3875 394 3962 μηδὲ
415 3877 542 3941 πώποτε
563 3875 734 3962 ἐξυβρίζειν
756 3876 936 3961 (ἐξυβρίσαι
952 3878 1078 3962 Porph.)
1101 3875 1147 3950 εἷς
1168 3875 1223 3960 τὴν
1242 3875 1295 3951 ἐξ·

145 3987 273 4061 ουσίαν,
304 3983 384 4071 μηδὲ
416 3987 474 4069 (μὴ
503 3987 631 4070 Porph.)
667 3985 779 4070 ἐσθῆιι
809 3986 912 4070 ἤπνι
934 3983 1057 4049 πλείονι
1091 3983 1199 4068 κόσμῳ
1223 3983 1296 4057 τοὺς

145 4093 414 4178 ὑποποαγμένους
435 4091 780 4179 ὑπερλαμπρύνεσθαι·
811 4093 866 4178 ιήν
893 4092 1056 4178 ἀλήθειαν
1088 4091 1223 4171 α’γαπᾶν
1244 4089 1295 4153 αἐῐ

146 4337 232 4392 αὐτῶν
252 4334 274 4392 C
291 4333 321 4390 M
473 4335 518 4389 81.
543 4333 712 4411 συμβαίνειν]
737 4339 879 4408 συμβαίνει
897 4332 918 4389 C
936 4333 965 4389 Μ
1134 4333 1179 4386 82.
1200 4331 1296 4402 dueen-

146 4428 346 4501 φανεάσασθαι]
372 4425 637 4498 insequendorum
662 4425 695 4482 R.
715 4426 828 4514 ¹Scottus
996 4427 1042 4481 82.
1061 4425 1107 4480 83.
1133 4423 1295 4501 unctulum]

149 4522 191 4576 An
212 4520 385 4593 ἀφειδὴσεινλ
413 4519 457 4575 uel
484 4521 587 4587 λσθὴοιι
611 4537 672 4574 cum
698 4520 848 4586 adlectivo,
872 4519 945 4593 quod
969 4520 1035 4574 lutet
1060 4517 1087 4571 in
1113 4517 1216 4588 syllnbs
1243 4517 1298 4572 dn?
