<?xml version="1.0" encoding="UTF-8"?>
<!DOCTYPE html PUBLIC "-//W3C//DTD XHTML 1.0 Transitional//EN"
    "http://www.w3.org/TR/xhtml1/DTD/xhtml1-transitional.dtd">
<html xmlns="http://www.w3.org/1999/xhtml" xml:lang="en" lang="en">
 <head>
  <title>
</title>
<meta http-equiv="Content-Type" content="text/html;charset=utf-8" />
  <meta name='ocr-system' content='tesseract 3.04.00' />
  <meta name='ocr-capabilities' content='ocr_page ocr_carea ocr_par ocr_line ocrx_word'/>
</head>
<body>
  <div class='ocr_page' id='page_1' title='image "./refutationisomn00hippgoog_0394.png"; bbox 0 0 3052 4984; ppageno 0'>
   <div class='ocr_carea' id='block_1_1' title="bbox 492 299 1270 372">
    <p class='ocr_par' dir='ltr' id='par_1_1' title="bbox 492 299 1270 372">
     <span class='ocr_line' id='line_1_1' title="bbox 492 299 1270 372; baseline -0.004 -4"><span class='ocrx_word' id='word_1_1' title='bbox 492 310 709 372; x_wconf 64' lang='lat' dir='ltr'>subdubitans.</span> <span class='ocrx_word' id='word_1_2' title='bbox 739 308 901 371; x_wconf 71' lang='lat' dir='ltr'>naucleri.</span> <span class='ocrx_word' id='word_1_3' title='bbox 1206 299 1270 366; x_wconf 81' lang='grc'>383</span> 
     </span>
    </p>
   </div>
   <div class='ocr_carea' id='block_1_2' title="bbox 6 473 1312 989">
    <p class='ocr_par' dir='ltr' id='par_1_2' title="bbox 6 473 1312 989">
     <span class='ocr_line' id='line_1_2' title="bbox 125 473 1272 558; baseline 0.001 -22"><span class='ocrx_word' id='word_1_4' title='bbox 125 481 251 558; x_wconf 87' lang='lat' dir='ltr'>nantes,</span> <span class='ocrx_word' id='word_1_5' title='bbox 287 474 449 539; x_wconf 84' lang='lat' dir='ltr'>advenisse</span> <span class='ocrx_word' id='word_1_6' title='bbox 483 475 631 540; x_wconf 86' lang='lat' dir='ltr'>Christum</span> <span class='ocrx_word' id='word_1_7' title='bbox 664 477 701 540; x_wconf 92' lang='lat' dir='ltr'>ad</span> <span class='ocrx_word' id='word_1_8' title='bbox 735 476 912 558; x_wconf 85' lang='lat' dir='ltr'>privandum</span> <span class='ocrx_word' id='word_1_9' title='bbox 942 475 1097 539; x_wconf 88' lang='lat' dir='ltr'>dominatu</span> <span class='ocrx_word' id='word_1_10' title='bbox 1135 473 1272 537; x_wconf 88' lang='lat' dir='ltr'>ludaeo-</span> 
     </span>
     <span class='ocr_line' id='line_1_3' title="bbox 127 581 1271 667; baseline 0.002 -23"><span class='ocrx_word' id='word_1_11' title='bbox 127 601 191 646; x_wconf 86' lang='lat' dir='ltr'>rum</span> <span class='ocrx_word' id='word_1_12' title='bbox 217 581 307 645; x_wconf 89' lang='lat' dir='ltr'>deum</span> <span class='ocrx_word' id='word_1_13' title='bbox 330 590 362 645; x_wconf 91' lang='lat' dir='ltr'>et</span> <span class='ocrx_word' id='word_1_14' title='bbox 384 583 422 646; x_wconf 92' lang='lat' dir='ltr'>ad</span> <span class='ocrx_word' id='word_1_15' title='bbox 445 583 611 648; x_wconf 86' lang='lat' dir='ltr'>salvandos</span> <span class='ocrx_word' id='word_1_16' title='bbox 643 603 698 648; x_wconf 88' lang='lat' dir='ltr'>eos</span> <span class='ocrx_word' id='word_1_17' title='bbox 733 585 784 666; x_wconf 90' lang='lat' dir='ltr'>qui</span> <span class='ocrx_word' id='word_1_18' title='bbox 816 584 873 648; x_wconf 90' lang='lat' dir='ltr'>sibi</span> <span class='ocrx_word' id='word_1_19' title='bbox 901 584 1167 667; x_wconf 76' lang='lat' dir='ltr'>obsequerentur,</span> <span class='ocrx_word' id='word_1_20' title='bbox 1201 599 1271 646; x_wconf 90' lang='lat' dir='ltr'>esse</span> 
     </span>
     <span class='ocr_line' id='line_1_4' title="bbox 127 687 1271 772; baseline 0.001 -21"><span class='ocrx_word' id='word_1_21' title='bbox 127 695 226 752; x_wconf 88' lang='lat' dir='ltr'>nutem</span> <span class='ocrx_word' id='word_1_22' title='bbox 240 687 297 753; x_wconf 92' lang='lat' dir='ltr'>bos</span> <span class='ocrx_word' id='word_1_23' title='bbox 314 707 371 754; x_wconf 90' lang='lat' dir='ltr'>eos</span> <span class='ocrx_word' id='word_1_24' title='bbox 386 691 438 772; x_wconf 90' lang='lat' dir='ltr'>qni</span> <span class='ocrx_word' id='word_1_25' title='bbox 450 690 601 754; x_wconf 80' lang='lat' dir='ltr'>haberent</span> <span class='ocrx_word' id='word_1_26' title='bbox 617 691 776 756; x_wconf 89' lang='lat' dir='ltr'>scintillam</span> <span class='ocrx_word' id='word_1_27' title='bbox 802 692 883 754; x_wconf 84' lang='lat' dir='ltr'>vitae</span> <span class='ocrx_word' id='word_1_28' title='bbox 905 690 936 752; x_wconf 89' lang='lat' dir='ltr'>in</span> <span class='ocrx_word' id='word_1_29' title='bbox 955 699 1052 754; x_wconf 88' lang='lat' dir='ltr'>sornet</span> <span class='ocrx_word' id='word_1_30' title='bbox 1074 690 1158 771; x_wconf 88' lang='lat' dir='ltr'>ipsis.</span> <span class='ocrx_word' id='word_1_31' title='bbox 1204 689 1271 752; x_wconf 89' lang='lat' dir='ltr'>Duo</span> 
     </span>
     <span class='ocr_line' id='line_1_5' title="bbox 129 795 1312 882; baseline -0.001 -24"><span class='ocrx_word' id='word_1_32' title='bbox 129 798 207 858; x_wconf 88' lang='lat' dir='ltr'>enirn</span> <span class='ocrx_word' id='word_1_33' title='bbox 232 815 345 880; x_wconf 79' lang='lat' dir='ltr'>genere</span> <span class='ocrx_word' id='word_1_34' title='bbox 371 797 525 861; x_wconf 89' lang='lat' dir='ltr'>bominum</span> <span class='ocrx_word' id='word_1_35' title='bbox 549 797 586 860; x_wconf 93' lang='lat' dir='ltr'>ab</span> <span class='ocrx_word' id='word_1_36' title='bbox 611 799 730 882; x_wconf 79' lang='lat' dir='ltr'>angelis</span> <span class='ocrx_word' id='word_1_37' title='bbox 752 797 821 862; x_wconf 87' lang='lat' dir='ltr'>bota</span> <span class='ocrx_word' id='word_1_38' title='bbox 845 815 915 861; x_wconf 92' lang='lat' dir='ltr'>esse</span> <span class='ocrx_word' id='word_1_39' title='bbox 934 799 983 881; x_wconf 90' lang='lat' dir='ltr'>ait,</span> <span class='ocrx_word' id='word_1_40' title='bbox 1006 796 1134 862; x_wconf 88' lang='lat' dir='ltr'>alterurn</span> <span class='ocrx_word' id='word_1_41' title='bbox 1153 795 1312 878; x_wconf 66' lang='lat' dir='ltr'>malumus</span> 
     </span>
     <span class='ocr_line' id='line_1_6' title="bbox 6 903 1274 989; baseline 0.002 -24"><span class='ocrx_word' id='word_1_42' title='bbox 6 927 7 932; x_wconf 42' lang='lat'>¹</span> <span class='ocrx_word' id='word_1_43' title='bbox 128 904 254 966; x_wconf 89' lang='lat' dir='ltr'>alterurn</span> <span class='ocrx_word' id='word_1_44' title='bbox 276 903 407 989; x_wconf 91' lang='lat' dir='ltr'>bonum,</span> <span class='ocrx_word' id='word_1_45' title='bbox 432 912 461 967; x_wconf 90' lang='lat' dir='ltr'>et</span> <span class='ocrx_word' id='word_1_46' title='bbox 484 923 553 968; x_wconf 89' lang='lat' dir='ltr'>curn</span> <span class='ocrx_word' id='word_1_47' title='bbox 577 905 796 970; x_wconf 75' lang='lat' dir='ltr'>auxiliarentur</span> <span class='ocrx_word' id='word_1_48' title='bbox 819 905 985 969; x_wconf 87' lang='lat' dir='ltr'>daemones</span> <span class='ocrx_word' id='word_1_49' title='bbox 1015 904 1120 988; x_wconf 90' lang='lat' dir='ltr'>malis,</span> <span class='ocrx_word' id='word_1_50' title='bbox 1149 907 1274 970; x_wconf 85' lang='lat' dir='ltr'>venisse</span> 
     </span>
    </p>
   </div>
   <div class='ocr_carea' id='block_1_3' title="bbox 128 1010 1314 1743">
    <p class='ocr_par' dir='ltr' id='par_1_3' title="bbox 128 1010 1314 1743">
     <span class='ocr_line' id='line_1_7' title="bbox 128 1010 1275 1095; baseline -0.001 -21"><span class='ocrx_word' id='word_1_51' title='bbox 128 1010 311 1074; x_wconf 86' lang='lat' dir='ltr'>salvatorem</span> <span class='ocrx_word' id='word_1_52' title='bbox 336 1011 375 1073; x_wconf 96' lang='lat' dir='ltr'>ad</span> <span class='ocrx_word' id='word_1_53' title='bbox 398 1011 552 1075; x_wconf 86' lang='lat' dir='ltr'>tollendos</span> <span class='ocrx_word' id='word_1_54' title='bbox 574 1012 672 1076; x_wconf 91' lang='lat' dir='ltr'>malos</span> <span class='ocrx_word' id='word_1_55' title='bbox 694 1012 836 1076; x_wconf 91' lang='lat' dir='ltr'>bomines</span> <span class='ocrx_word' id='word_1_56' title='bbox 866 1021 896 1075; x_wconf 88' lang='lat' dir='ltr'>et</span> <span class='ocrx_word' id='word_1_57' title='bbox 918 1013 1101 1095; x_wconf 88' lang='lat' dir='ltr'>daemones,</span> <span class='ocrx_word' id='word_1_58' title='bbox 1137 1011 1175 1074; x_wconf 93' lang='lat' dir='ltr'>ad</span> <span class='ocrx_word' id='word_1_59' title='bbox 1209 1011 1275 1075; x_wconf 92' lang='lat' dir='ltr'>sal-</span> 
     </span>
     <span class='ocr_line' id='line_1_8' title="bbox 129 1118 1275 1204; baseline 0.002 -24"><span class='ocrx_word' id='word_1_60' title='bbox 129 1118 246 1181; x_wconf 88' lang='lat' dir='ltr'>vandos</span> <span class='ocrx_word' id='word_1_61' title='bbox 270 1126 369 1182; x_wconf 89' lang='lat' dir='ltr'>autem</span> <span class='ocrx_word' id='word_1_62' title='bbox 393 1119 504 1185; x_wconf 90' lang='lat' dir='ltr'>bonos.</span> <span class='ocrx_word' id='word_1_63' title='bbox 548 1120 670 1184; x_wconf 84' lang='lat' dir='ltr'>Ducere</span> <span class='ocrx_word' id='word_1_64' title='bbox 694 1126 794 1184; x_wconf 91' lang='lat' dir='ltr'>autem</span> <span class='ocrx_word' id='word_1_65' title='bbox 818 1138 948 1184; x_wconf 85' lang='lat' dir='ltr'>uxorem</span> <span class='ocrx_word' id='word_1_66' title='bbox 967 1128 998 1184; x_wconf 86' lang='lat' dir='ltr'>et</span> <span class='ocrx_word' id='word_1_67' title='bbox 1012 1138 1178 1204; x_wconf 90' lang='lat' dir='ltr'>procreare</span> <span class='ocrx_word' id='word_1_68' title='bbox 1197 1137 1275 1202; x_wconf 86' lang='lat' dir='ltr'>pro-</span> 
     </span>
     <span class='ocr_line' id='line_1_9' title="bbox 128 1225 1274 1313; baseline 0.002 -26"><span class='ocrx_word' id='word_1_69' title='bbox 128 1225 187 1287; x_wconf 88' lang='lat' dir='ltr'>lem</span> <span class='ocrx_word' id='word_1_70' title='bbox 212 1245 229 1290; x_wconf 91' lang='lat' dir='ltr'>a</span> <span class='ocrx_word' id='word_1_71' title='bbox 252 1225 365 1292; x_wconf 84' lang='lat' dir='ltr'>Salano</span> <span class='ocrx_word' id='word_1_72' title='bbox 387 1227 486 1308; x_wconf 89' lang='lat' dir='ltr'>inquit</span> <span class='ocrx_word' id='word_1_73' title='bbox 507 1245 591 1308; x_wconf 87' lang='lat' dir='ltr'>esse;</span> <span class='ocrx_word' id='word_1_74' title='bbox 620 1227 760 1311; x_wconf 85' lang='lat' dir='ltr'>plerique</span> <span class='ocrx_word' id='word_1_75' title='bbox 783 1236 883 1293; x_wconf 89' lang='lat' dir='ltr'>antem</span> <span class='ocrx_word' id='word_1_76' title='bbox 905 1247 1031 1313; x_wconf 88' lang='lat' dir='ltr'>eorum,</span> <span class='ocrx_word' id='word_1_77' title='bbox 1063 1229 1115 1310; x_wconf 89' lang='lat' dir='ltr'>qui</span> <span class='ocrx_word' id='word_1_78' title='bbox 1144 1227 1274 1292; x_wconf 90' lang='lat' dir='ltr'>suntab</span> 
     </span>
     <span class='ocr_line' id='line_1_10' title="bbox 131 1333 1314 1418; baseline -0.002 -24"><span class='ocrx_word' id='word_1_79' title='bbox 131 1351 189 1416; x_wconf 91' lang='lat' dir='ltr'>eo,</span> <span class='ocrx_word' id='word_1_80' title='bbox 213 1333 304 1398; x_wconf 86' lang='lat' dir='ltr'>etiarn</span> <span class='ocrx_word' id='word_1_81' title='bbox 328 1335 530 1399; x_wconf 87' lang='lat' dir='ltr'>animantibus</span> <span class='ocrx_word' id='word_1_82' title='bbox 551 1334 705 1398; x_wconf 89' lang='lat' dir='ltr'>abstinent</span> <span class='ocrx_word' id='word_1_83' title='bbox 735 1355 792 1417; x_wconf 91' lang='lat' dir='ltr'>per</span> <span class='ocrx_word' id='word_1_84' title='bbox 815 1355 946 1418; x_wconf 90' lang='lat' dir='ltr'>eamque</span> <span class='ocrx_word' id='word_1_85' title='bbox 969 1337 1140 1400; x_wconf 82' lang='lat' dir='ltr'>affectatam</span> <span class='ocrx_word' id='word_1_86' title='bbox 1171 1337 1314 1397; x_wconf 81' lang='lat' dir='ltr'>conti-ro</span> 
     </span>
     <span class='ocr_line' id='line_1_11' title="bbox 132 1441 1274 1526; baseline 0.001 -23"><span class='ocrx_word' id='word_1_87' title='bbox 132 1442 265 1504; x_wconf 85' lang='lat' dir='ltr'>nentium</span> <span class='ocrx_word' id='word_1_88' title='bbox 287 1442 396 1506; x_wconf 91' lang='lat' dir='ltr'>multos</span> <span class='ocrx_word' id='word_1_89' title='bbox 418 1441 577 1506; x_wconf 90' lang='lat' dir='ltr'>seducunt.</span> <span class='ocrx_word' id='word_1_90' title='bbox 622 1443 865 1508; x_wconf 88' lang='lat' dir='ltr'>Vaticinationes</span> <span class='ocrx_word' id='word_1_91' title='bbox 889 1451 991 1508; x_wconf 87' lang='lat' dir='ltr'>autern</span> <span class='ocrx_word' id='word_1_92' title='bbox 1022 1443 1130 1526; x_wconf 92' lang='lat' dir='ltr'>partim</span> <span class='ocrx_word' id='word_1_93' title='bbox 1155 1444 1192 1507; x_wconf 86' lang='lat' dir='ltr'>ab</span> <span class='ocrx_word' id='word_1_94' title='bbox 1216 1461 1274 1504; x_wconf 89' lang='lat' dir='ltr'>an-</span> 
     </span>
     <span class='ocr_line' id='line_1_12' title="bbox 131 1539 1276 1634; baseline 0 -24"><span class='ocrx_word' id='word_1_95' title='bbox 131 1548 210 1631; x_wconf 80' lang='lat' dir='ltr'>gelis</span> <span class='ocrx_word' id='word_1_96' title='bbox 240 1548 451 1612; x_wconf 86' lang='lat' dir='ltr'>mundidoibus</span> <span class='ocrx_word' id='word_1_97' title='bbox 483 1549 675 1630; x_wconf 87' lang='lat' dir='ltr'>praedicatas</span> <span class='ocrx_word' id='word_1_98' title='bbox 711 1568 798 1634; x_wconf 89' lang='lat' dir='ltr'>esse,</span> <span class='ocrx_word' id='word_1_99' title='bbox 831 1553 939 1633; x_wconf 88' lang='lat' dir='ltr'>parlim</span> <span class='ocrx_word' id='word_1_100' title='bbox 977 1539 1077 1614; x_wconf 82' lang='lat' dir='ltr'>aulem</span> <span class='ocrx_word' id='word_1_101' title='bbox 1109 1570 1126 1614; x_wconf 89' lang='lat' dir='ltr'>a</span> <span class='ocrx_word' id='word_1_102' title='bbox 1153 1549 1276 1633; x_wconf 91' lang='lat' dir='ltr'>Satana,</span> 
     </span>
     <span class='ocr_line' id='line_1_13' title="bbox 132 1656 1276 1743; baseline -0.002 -23"><span class='ocrx_word' id='word_1_103' title='bbox 132 1673 223 1736; x_wconf 86' lang='lat' dir='ltr'>quern</span> <span class='ocrx_word' id='word_1_104' title='bbox 253 1662 284 1718; x_wconf 90' lang='lat' dir='ltr'>et</span> <span class='ocrx_word' id='word_1_105' title='bbox 311 1658 408 1737; x_wconf 89' lang='lat' dir='ltr'>ipsum</span> <span class='ocrx_word' id='word_1_106' title='bbox 440 1656 584 1740; x_wconf 86' lang='lat' dir='ltr'>angelum</span> <span class='ocrx_word' id='word_1_107' title='bbox 615 1659 718 1720; x_wconf 90' lang='lat' dir='ltr'>statuit</span> <span class='ocrx_word' id='word_1_108' title='bbox 747 1676 836 1743; x_wconf 86' lang='lat' dir='ltr'>esse,</span> <span class='ocrx_word' id='word_1_109' title='bbox 869 1661 920 1740; x_wconf 92' lang='lat' dir='ltr'>qui</span> <span class='ocrx_word' id='word_1_110' title='bbox 949 1659 1130 1724; x_wconf 87' lang='lat' dir='ltr'>adversetur</span> <span class='ocrx_word' id='word_1_111' title='bbox 1158 1658 1196 1721; x_wconf 92' lang='lat' dir='ltr'>iis</span> <span class='ocrx_word' id='word_1_112' title='bbox 1224 1658 1276 1738; x_wconf 91' lang='lat' dir='ltr'>qui</span> 
     </span>
    </p>
   </div>
   <div class='ocr_carea' id='block_1_4' title="bbox 131 1761 1316 1953">
    <p class='ocr_par' dir='ltr' id='par_1_4' title="bbox 131 1761 1316 1953">
     <span class='ocr_line' id='line_1_14' title="bbox 131 1761 1277 1849; baseline 0.003 -26"><span class='ocrx_word' id='word_1_113' title='bbox 131 1768 203 1824; x_wconf 91' lang='lat' dir='ltr'>sunt</span> <span class='ocrx_word' id='word_1_114' title='bbox 223 1763 253 1824; x_wconf 90' lang='lat' dir='ltr'>in</span> <span class='ocrx_word' id='word_1_115' title='bbox 277 1761 390 1825; x_wconf 89' lang='lat' dir='ltr'>mundo</span> <span class='ocrx_word' id='word_1_116' title='bbox 414 1763 551 1849; x_wconf 80' lang='lat' dir='ltr'>angelis,</span> <span class='ocrx_word' id='word_1_117' title='bbox 575 1764 706 1828; x_wconf 85' lang='lat' dir='ltr'>maxime</span> <span class='ocrx_word' id='word_1_118' title='bbox 730 1771 831 1828; x_wconf 88' lang='lat' dir='ltr'>autern</span> <span class='ocrx_word' id='word_1_119' title='bbox 856 1764 916 1828; x_wconf 91' lang='lat' dir='ltr'>deo</span> <span class='ocrx_word' id='word_1_120' title='bbox 946 1765 1140 1830; x_wconf 85' lang='lat' dir='ltr'>ludaeorum.</span> <span class='ocrx_word' id='word_1_121' title='bbox 1192 1765 1277 1828; x_wconf 88' lang='lat' dir='ltr'>llaec</span> 
     </span>
     <span class='ocr_line' id='line_1_15' title="bbox 132 1869 1316 1953; baseline 0.002 -21"><span class='ocrx_word' id='word_1_122' title='bbox 132 1869 225 1953; x_wconf 83' lang='lat' dir='ltr'>igitur</span> <span class='ocrx_word' id='word_1_123' title='bbox 247 1869 427 1934; x_wconf 90' lang='lat' dir='ltr'>Saturnilus.</span> <span class='ocrx_word' id='word_1_124' title='bbox 1286 1887 1316 1936; x_wconf 80' lang='lat' dir='ltr'>rs</span> 
     </span>
    </p>
   </div>
   <div class='ocr_carea' id='block_1_5' title="bbox 134 1975 1319 2908">
    <p class='ocr_par' dir='ltr' id='par_1_5' title="bbox 134 1975 1319 2908">
     <span class='ocr_line' id='line_1_16' title="bbox 221 1975 1278 2061; baseline -0.001 -22"><span class='ocrx_word' id='word_1_125' title='bbox 221 1976 272 2042; x_wconf 87' lang='grc'>29.</span> <span class='ocrx_word' id='word_1_126' title='bbox 317 1977 457 2040; x_wconf 87' lang='lat' dir='ltr'>blarcion</span> <span class='ocrx_word' id='word_1_127' title='bbox 480 1983 582 2040; x_wconf 89' lang='lat' dir='ltr'>autem</span> <span class='ocrx_word' id='word_1_128' title='bbox 603 1978 765 2061; x_wconf 89' lang='lat' dir='ltr'>Ponticus,</span> <span class='ocrx_word' id='word_1_129' title='bbox 789 1978 883 2041; x_wconf 90' lang='lat' dir='ltr'>multo</span> <span class='ocrx_word' id='word_1_130' title='bbox 906 1976 953 2042; x_wconf 92' lang='lat' dir='ltr'>bis</span> <span class='ocrx_word' id='word_1_131' title='bbox 975 1976 1133 2061; x_wconf 85' lang='lat' dir='ltr'>vesanior,</span> <span class='ocrx_word' id='word_1_132' title='bbox 1162 1975 1278 2059; x_wconf 87' lang='lat' dir='ltr'>pleris-</span> 
     </span>
     <span class='ocr_line' id='line_1_17' title="bbox 134 2085 1279 2167; baseline 0 -20"><span class='ocrx_word' id='word_1_133' title='bbox 134 2103 194 2166; x_wconf 88' lang='lat' dir='ltr'>que</span> <span class='ocrx_word' id='word_1_134' title='bbox 227 2103 267 2148; x_wconf 84' lang='lat' dir='ltr'>ex</span> <span class='ocrx_word' id='word_1_135' title='bbox 299 2085 435 2166; x_wconf 84' lang='lat' dir='ltr'>plurimis</span> <span class='ocrx_word' id='word_1_136' title='bbox 473 2087 593 2148; x_wconf 89' lang='lat' dir='ltr'>omissis</span> <span class='ocrx_word' id='word_1_137' title='bbox 627 2086 658 2148; x_wconf 94' lang='lat' dir='ltr'>in</span> <span class='ocrx_word' id='word_1_138' title='bbox 694 2087 839 2150; x_wconf 87' lang='lat' dir='ltr'>maiorem</span> <span class='ocrx_word' id='word_1_139' title='bbox 870 2085 1087 2167; x_wconf 90' lang='lat' dir='ltr'>impudentiam</span> <span class='ocrx_word' id='word_1_140' title='bbox 1126 2101 1279 2167; x_wconf 80' lang='lat' dir='ltr'>progres-</span> 
     </span>
     <span class='ocr_line' id='line_1_18' title="bbox 136 2192 1280 2278; baseline -0.003 -22"><span class='ocrx_word' id='word_1_141' title='bbox 136 2211 206 2276; x_wconf 89' lang='lat' dir='ltr'>sus,</span> <span class='ocrx_word' id='word_1_142' title='bbox 229 2192 290 2258; x_wconf 92' lang='lat' dir='ltr'>duo</span> <span class='ocrx_word' id='word_1_143' title='bbox 326 2193 473 2274; x_wconf 89' lang='lat' dir='ltr'>principia</span> <span class='ocrx_word' id='word_1_144' title='bbox 509 2193 645 2258; x_wconf 88' lang='lat' dir='ltr'>universi</span> <span class='ocrx_word' id='word_1_145' title='bbox 674 2195 790 2278; x_wconf 88' lang='lat' dir='ltr'>statuit,</span> <span class='ocrx_word' id='word_1_146' title='bbox 822 2213 889 2256; x_wconf 90' lang='lat' dir='ltr'>curn</span> <span class='ocrx_word' id='word_1_147' title='bbox 920 2194 1034 2257; x_wconf 86' lang='lat' dir='ltr'>bonurn</span> <span class='ocrx_word' id='word_1_148' title='bbox 1064 2210 1156 2256; x_wconf 91' lang='lat' dir='ltr'>unum</span> <span class='ocrx_word' id='word_1_149' title='bbox 1184 2192 1280 2274; x_wconf 92' lang='lat' dir='ltr'>ponit,</span> 
     </span>
     <span class='ocr_line' id='line_1_19' title="bbox 134 2299 1279 2383; baseline -0.003 -19"><span class='ocrx_word' id='word_1_150' title='bbox 134 2301 263 2365; x_wconf 89' lang='lat' dir='ltr'>alterum</span> <span class='ocrx_word' id='word_1_151' title='bbox 286 2301 407 2366; x_wconf 88' lang='lat' dir='ltr'>malum.</span> <span class='ocrx_word' id='word_1_152' title='bbox 451 2301 491 2365; x_wconf 90' lang='lat' dir='ltr'>Et</span> <span class='ocrx_word' id='word_1_153' title='bbox 512 2303 578 2383; x_wconf 91' lang='lat' dir='ltr'>ipse</span> <span class='ocrx_word' id='word_1_154' title='bbox 602 2303 741 2383; x_wconf 86' lang='lat' dir='ltr'>opinatus</span> <span class='ocrx_word' id='word_1_155' title='bbox 766 2317 839 2364; x_wconf 89' lang='lat' dir='ltr'>sese</span> <span class='ocrx_word' id='word_1_156' title='bbox 862 2319 975 2364; x_wconf 88' lang='lat' dir='ltr'>novum</span> <span class='ocrx_word' id='word_1_157' title='bbox 1000 2299 1143 2382; x_wconf 87' lang='lat' dir='ltr'>quiddam</span> <span class='ocrx_word' id='word_1_158' title='bbox 1168 2299 1279 2362; x_wconf 86' lang='lat' dir='ltr'>subin-</span> 
     </span>
     <span class='ocr_line' id='line_1_20' title="bbox 134 2407 1319 2473; baseline -0.004 -1"><span class='ocrx_word' id='word_1_159' title='bbox 134 2409 311 2473; x_wconf 87' lang='lat' dir='ltr'>troduxisse</span> <span class='ocrx_word' id='word_1_160' title='bbox 345 2408 480 2473; x_wconf 86' lang='lat' dir='ltr'>scholam</span> <span class='ocrx_word' id='word_1_161' title='bbox 520 2410 677 2472; x_wconf 89' lang='lat' dir='ltr'>constituit</span> <span class='ocrx_word' id='word_1_162' title='bbox 711 2410 837 2471; x_wconf 88' lang='lat' dir='ltr'>vesania</span> <span class='ocrx_word' id='word_1_163' title='bbox 872 2407 1077 2472; x_wconf 85' lang='lat' dir='ltr'>abundantem</span> <span class='ocrx_word' id='word_1_164' title='bbox 1108 2413 1140 2470; x_wconf 91' lang='lat' dir='ltr'>et</span> <span class='ocrx_word' id='word_1_165' title='bbox 1170 2408 1319 2469; x_wconf 78' lang='lat' dir='ltr'>caninam</span> 
     </span>
     <span class='ocr_line' id='line_1_21' title="bbox 134 2513 1280 2600; baseline -0.003 -22"><span class='ocrx_word' id='word_1_166' title='bbox 134 2518 213 2599; x_wconf 87' lang='lat' dir='ltr'>vita,</span> <span class='ocrx_word' id='word_1_167' title='bbox 248 2519 359 2600; x_wconf 85' lang='lat' dir='ltr'>quippe</span> <span class='ocrx_word' id='word_1_168' title='bbox 389 2517 524 2580; x_wconf 81' lang='lat' dir='ltr'>furiosus</span> <span class='ocrx_word' id='word_1_169' title='bbox 556 2516 676 2598; x_wconf 88' lang='lat' dir='ltr'>quidam</span> <span class='ocrx_word' id='word_1_170' title='bbox 712 2523 786 2578; x_wconf 90' lang='lat' dir='ltr'>erat.</span> <span class='ocrx_word' id='word_1_171' title='bbox 846 2515 902 2578; x_wconf 90' lang='lat' dir='ltr'>llic</span> <span class='ocrx_word' id='word_1_172' title='bbox 933 2515 1097 2578; x_wconf 87' lang='lat' dir='ltr'>arbitratus</span> <span class='ocrx_word' id='word_1_173' title='bbox 1130 2513 1280 2577; x_wconf 90' lang='lat' dir='ltr'>oblituros</span> 
     </span>
     <span class='ocr_line' id='line_1_22' title="bbox 136 2619 1282 2704; baseline -0.004 -18"><span class='ocrx_word' id='word_1_174' title='bbox 136 2642 206 2689; x_wconf 91' lang='lat' dir='ltr'>esse</span> <span class='ocrx_word' id='word_1_175' title='bbox 228 2623 371 2689; x_wconf 87' lang='lat' dir='ltr'>homines</span> <span class='ocrx_word' id='word_1_176' title='bbox 394 2643 429 2687; x_wconf 90' lang='lat' dir='ltr'>se</span> <span class='ocrx_word' id='word_1_177' title='bbox 460 2641 522 2687; x_wconf 93' lang='lat' dir='ltr'>non</span> <span class='ocrx_word' id='word_1_178' title='bbox 547 2641 618 2687; x_wconf 88' lang='lat' dir='ltr'>csse</span> <span class='ocrx_word' id='word_1_179' title='bbox 642 2622 752 2686; x_wconf 86' lang='lat' dir='ltr'>Christi</span> <span class='ocrx_word' id='word_1_180' title='bbox 786 2621 966 2704; x_wconf 90' lang='lat' dir='ltr'>discipulum</span> <span class='ocrx_word' id='word_1_181' title='bbox 996 2621 1051 2684; x_wconf 89' lang='lat' dir='ltr'>sed</span> <span class='ocrx_word' id='word_1_182' title='bbox 1078 2619 1282 2702; x_wconf 84' lang='lat' dir='ltr'>Empedoclis,</span> 
     </span>
     <span class='ocr_line' id='line_1_23' title="bbox 137 2726 1282 2812; baseline -0.004 -17"><span class='ocrx_word' id='word_1_183' title='bbox 137 2732 190 2812; x_wconf 91' lang='lat' dir='ltr'>qui</span> <span class='ocrx_word' id='word_1_184' title='bbox 212 2732 307 2796; x_wconf 91' lang='lat' dir='ltr'>rnullo</span> <span class='ocrx_word' id='word_1_185' title='bbox 332 2739 401 2794; x_wconf 90' lang='lat' dir='ltr'>ante</span> <span class='ocrx_word' id='word_1_186' title='bbox 424 2731 521 2812; x_wconf 86' lang='lat' dir='ltr'>ipsum</span> <span class='ocrx_word' id='word_1_187' title='bbox 545 2730 620 2812; x_wconf 89' lang='lat' dir='ltr'>luit,</span> <span class='ocrx_word' id='word_1_188' title='bbox 642 2728 749 2792; x_wconf 89' lang='lat' dir='ltr'>eadem</span> <span class='ocrx_word' id='word_1_189' title='bbox 774 2728 888 2791; x_wconf 86' lang='lat' dir='ltr'>definiit</span> <span class='ocrx_word' id='word_1_190' title='bbox 915 2735 947 2790; x_wconf 90' lang='lat' dir='ltr'>et</span> <span class='ocrx_word' id='word_1_191' title='bbox 975 2727 1080 2791; x_wconf 88' lang='lat' dir='ltr'>docuit</span> <span class='ocrx_word' id='word_1_192' title='bbox 1108 2726 1185 2790; x_wconf 86' lang='lat' dir='ltr'>duns</span> <span class='ocrx_word' id='word_1_193' title='bbox 1212 2745 1282 2790; x_wconf 87' lang='lat' dir='ltr'>esse</span> 
     </span>
     <span class='ocr_line' id='line_1_24' title="bbox 136 2832 1284 2908; baseline -0.007 -5"><span class='ocrx_word' id='word_1_194' title='bbox 136 2840 273 2903; x_wconf 88' lang='lat' dir='ltr'>universi</span> <span class='ocrx_word' id='word_1_195' title='bbox 296 2855 425 2901; x_wconf 89' lang='lat' dir='ltr'>causas:</span> <span class='ocrx_word' id='word_1_196' title='bbox 463 2836 646 2900; x_wconf 90' lang='lat' dir='ltr'>discordiam</span> <span class='ocrx_word' id='word_1_197' title='bbox 676 2843 707 2898; x_wconf 93' lang='lat' dir='ltr'>et</span> <span class='ocrx_word' id='word_1_198' title='bbox 736 2835 907 2899; x_wconf 90' lang='lat' dir='ltr'>amicitiam.</span> <span class='ocrx_word' id='word_1_199' title='bbox 962 2834 1040 2908; x_wconf 85' lang='lat' dir='ltr'>Ouid</span> <span class='ocrx_word' id='word_1_200' title='bbox 1074 2834 1155 2896; x_wconf 89' lang='lat' dir='ltr'>enim</span> <span class='ocrx_word' id='word_1_201' title='bbox 1190 2832 1284 2896; x_wconf 89' lang='lat' dir='ltr'>docet</span> 
     </span>
    </p>
   </div>
   <div class='ocr_carea' id='block_1_6' title="bbox 136 3099 1286 3810">
    <p class='ocr_par' dir='ltr' id='par_1_6' title="bbox 136 3099 1286 3810">
     <span class='ocr_line' id='line_1_25' title="bbox 138 3099 1284 3186; baseline -0.002 -21"><span class='ocrx_word' id='word_1_202' title='bbox 138 3109 198 3166; x_wconf 90' lang='lat' dir='ltr'>tem</span> <span class='ocrx_word' id='word_1_203' title='bbox 230 3111 331 3167; x_wconf 88' lang='lat' dir='ltr'>antam</span> <span class='ocrx_word' id='word_1_204' title='bbox 361 3103 524 3168; x_wconf 89' lang='lat' dir='ltr'>bonorum.</span> <span class='ocrx_word' id='word_1_205' title='bbox 581 3104 705 3168; x_wconf 86' lang='lat' dir='ltr'>Nubere</span> <span class='ocrx_word' id='word_1_206' title='bbox 739 3111 841 3168; x_wconf 89' lang='lat' dir='ltr'>autern</span> <span class='ocrx_word' id='word_1_207' title='bbox 869 3111 899 3166; x_wconf 92' lang='lat' dir='ltr'>et</span> <span class='ocrx_word' id='word_1_208' title='bbox 932 3119 1087 3186; x_wconf 80' lang='lat' dir='ltr'>generare</span> <span class='ocrx_word' id='word_1_209' title='bbox 1119 3119 1136 3164; x_wconf 91' lang='lat' dir='ltr'>a</span> <span class='ocrx_word' id='word_1_210' title='bbox 1173 3099 1284 3166; x_wconf 88' lang='lat' dir='ltr'>Satana</span> 
     </span>
     <span class='ocr_line' id='line_1_26' title="bbox 139 3206 1285 3292; baseline -0.003 -21"><span class='ocrx_word' id='word_1_211' title='bbox 139 3207 245 3271; x_wconf 90' lang='lat' dir='ltr'>dicunt</span> <span class='ocrx_word' id='word_1_212' title='bbox 270 3226 351 3272; x_wconf 88' lang='lat' dir='ltr'>esse.</span> <span class='ocrx_word' id='word_1_213' title='bbox 396 3208 480 3272; x_wconf 90' lang='lat' dir='ltr'>blulti</span> <span class='ocrx_word' id='word_1_214' title='bbox 502 3215 602 3272; x_wconf 86' lang='lat' dir='ltr'>autem</span> <span class='ocrx_word' id='word_1_215' title='bbox 625 3208 738 3292; x_wconf 89' lang='lat' dir='ltr'>exiis,</span> <span class='ocrx_word' id='word_1_216' title='bbox 762 3209 813 3289; x_wconf 91' lang='lat' dir='ltr'>qni</span> <span class='ocrx_word' id='word_1_217' title='bbox 837 3212 908 3271; x_wconf 89' lang='lat' dir='ltr'>sunt</span> <span class='ocrx_word' id='word_1_218' title='bbox 930 3207 967 3269; x_wconf 93' lang='lat' dir='ltr'>ab</span> <span class='ocrx_word' id='word_1_219' title='bbox 985 3225 1035 3290; x_wconf 92' lang='lat' dir='ltr'>eo,</span> <span class='ocrx_word' id='word_1_220' title='bbox 1060 3213 1091 3270; x_wconf 86' lang='lat' dir='ltr'>et</span> <span class='ocrx_word' id='word_1_221' title='bbox 1106 3206 1143 3270; x_wconf 84' lang='lat' dir='ltr'>ab</span> <span class='ocrx_word' id='word_1_222' title='bbox 1164 3206 1285 3268; x_wconf 91' lang='lat' dir='ltr'>anirna-</span> 
     </span>
     <span class='ocr_line' id='line_1_27' title="bbox 136 3313 1284 3400; baseline -0.003 -22"><span class='ocrx_word' id='word_1_223' title='bbox 136 3313 217 3380; x_wconf 87' lang='lat' dir='ltr'>libus</span> <span class='ocrx_word' id='word_1_224' title='bbox 241 3316 411 3400; x_wconf 89' lang='lat' dir='ltr'>abstinent,</span> <span class='ocrx_word' id='word_1_225' title='bbox 443 3334 501 3397; x_wconf 90' lang='lat' dir='ltr'>per</span> <span class='ocrx_word' id='word_1_226' title='bbox 526 3315 626 3379; x_wconf 84' lang='lat' dir='ltr'>fictam</span> <span class='ocrx_word' id='word_1_227' title='bbox 650 3315 823 3379; x_wconf 88' lang='lat' dir='ltr'>huiusmodi</span> <span class='ocrx_word' id='word_1_228' title='bbox 847 3315 1065 3377; x_wconf 88' lang='lat' dir='ltr'>continentiam</span> <span class='ocrx_word' id='word_1_229' title='bbox 1099 3313 1284 3378; x_wconf 88' lang='lat' dir='ltr'>seducentes</span> 
     </span>
     <span class='ocr_line' id='line_1_28' title="bbox 137 3421 1284 3505; baseline -0.003 -19"><span class='ocrx_word' id='word_1_230' title='bbox 137 3424 260 3488; x_wconf 88' lang='lat' dir='ltr'>multos.</span> <span class='ocrx_word' id='word_1_231' title='bbox 305 3423 483 3505; x_wconf 90' lang='lat' dir='ltr'>Propbetias</span> <span class='ocrx_word' id='word_1_232' title='bbox 507 3430 607 3487; x_wconf 87' lang='lat' dir='ltr'>autem</span> <span class='ocrx_word' id='word_1_233' title='bbox 631 3423 778 3504; x_wconf 89' lang='lat' dir='ltr'>quasdam</span> <span class='ocrx_word' id='word_1_234' title='bbox 803 3421 924 3504; x_wconf 88' lang='lat' dir='ltr'>quidem</span> <span class='ocrx_word' id='word_1_235' title='bbox 949 3421 986 3483; x_wconf 91' lang='lat' dir='ltr'>ab</span> <span class='ocrx_word' id='word_1_236' title='bbox 1009 3422 1045 3485; x_wconf 90' lang='lat' dir='ltr'>iis</span> <span class='ocrx_word' id='word_1_237' title='bbox 1068 3421 1201 3504; x_wconf 80' lang='lat' dir='ltr'>angelis,</span> <span class='ocrx_word' id='word_1_238' title='bbox 1233 3421 1284 3503; x_wconf 88' lang='lat' dir='ltr'>qui</span> 
     </span>
     <span class='ocr_line' id='line_1_29' title="bbox 138 3529 1284 3614; baseline -0.003 -19"><span class='ocrx_word' id='word_1_239' title='bbox 138 3532 282 3596; x_wconf 88' lang='lat' dir='ltr'>mundum</span> <span class='ocrx_word' id='word_1_240' title='bbox 305 3531 541 3614; x_wconf 84' lang='lat' dir='ltr'>fabricaverint,</span> <span class='ocrx_word' id='word_1_241' title='bbox 565 3531 682 3614; x_wconf 88' lang='lat' dir='ltr'>dictas,</span> <span class='ocrx_word' id='word_1_242' title='bbox 706 3529 852 3612; x_wconf 89' lang='lat' dir='ltr'>quasdarn</span> <span class='ocrx_word' id='word_1_243' title='bbox 875 3538 977 3594; x_wconf 87' lang='lat' dir='ltr'>autem</span> <span class='ocrx_word' id='word_1_244' title='bbox 1001 3549 1017 3592; x_wconf 91' lang='lat' dir='ltr'>a</span> <span class='ocrx_word' id='word_1_245' title='bbox 1041 3529 1170 3612; x_wconf 90' lang='lat' dir='ltr'>Satana,</span> <span class='ocrx_word' id='word_1_246' title='bbox 1193 3547 1284 3611; x_wconf 86' lang='lat' dir='ltr'>quern</span> 
     </span>
     <span class='ocr_line' id='line_1_30' title="bbox 138 3635 1286 3722; baseline -0.003 -20"><span class='ocrx_word' id='word_1_247' title='bbox 138 3646 170 3702; x_wconf 88' lang='lat' dir='ltr'>et</span> <span class='ocrx_word' id='word_1_248' title='bbox 191 3642 288 3722; x_wconf 88' lang='lat' dir='ltr'>ipsam</span> <span class='ocrx_word' id='word_1_249' title='bbox 319 3639 460 3722; x_wconf 82' lang='lat' dir='ltr'>angelum</span> <span class='ocrx_word' id='word_1_250' title='bbox 499 3639 706 3703; x_wconf 86' lang='lat' dir='ltr'>adversarium</span> <span class='ocrx_word' id='word_1_251' title='bbox 737 3636 840 3701; x_wconf 92' lang='lat' dir='ltr'>mundi</span> <span class='ocrx_word' id='word_1_252' title='bbox 873 3635 1109 3700; x_wconf 81' lang='lat' dir='ltr'>fabricatoribus</span> <span class='ocrx_word' id='word_1_253' title='bbox 1142 3636 1286 3720; x_wconf 89' lang='lat' dir='ltr'>ostendit,</span> 
     </span>
     <span class='ocr_line' id='line_1_31' title="bbox 136 3745 689 3810; baseline 0.004 -2"><span class='ocrx_word' id='word_1_254' title='bbox 136 3748 269 3810; x_wconf 87' lang='lat' dir='ltr'>maxime</span> <span class='ocrx_word' id='word_1_255' title='bbox 290 3755 391 3809; x_wconf 89' lang='lat' dir='ltr'>autern</span> <span class='ocrx_word' id='word_1_256' title='bbox 414 3746 594 3809; x_wconf 89' lang='lat' dir='ltr'>ludaeorum</span> <span class='ocrx_word' id='word_1_257' title='bbox 619 3745 689 3810; x_wconf 89' lang='lat' dir='ltr'>deo.</span> 
     </span>
    </p>
   </div>
   <div class='ocr_carea' id='block_1_7' title="bbox 135 3985 1288 4433">
    <p class='ocr_par' dir='ltr' id='par_1_7' title="bbox 135 3985 1288 4433">
     <span class='ocr_line' id='line_1_32' title="bbox 139 3985 1288 4064; baseline -0.001 -21"><span class='ocrx_word' id='word_1_258' title='bbox 139 3989 169 4064; x_wconf 71' lang='lat' dir='ltr'>S.</span> <span class='ocrx_word' id='word_1_259' title='bbox 179 3992 206 4044; x_wconf 82' lang='lat'>2.</span> <span class='ocrx_word' id='word_1_260' title='bbox 314 3989 359 4044; x_wconf 81' lang='lat'>⁷5.</span> <span class='ocrx_word' id='word_1_261' title='bbox 378 3989 499 4060; x_wconf 70' lang='grc' dir='ltr'>ὑπέθετο]</span> <span class='ocrx_word' id='word_1_262' title='bbox 518 3989 644 4045; x_wconf 70' lang='grc' dir='ltr'>ὑπέθεντο</span> <span class='ocrx_word' id='word_1_263' title='bbox 666 3987 730 4044; x_wconf 77' lang='grc' dir='ltr'>ΟΜ</span> <span class='ocrx_word' id='word_1_264' title='bbox 839 3989 883 4044; x_wconf 81' lang='grc'>75.</span> <span class='ocrx_word' id='word_1_265' title='bbox 897 3991 942 4044; x_wconf 78' lang='grc'>76.</span> <span class='ocrx_word' id='word_1_266' title='bbox 961 3985 1109 4064; x_wconf 69' lang='grc' dir='ltr'><strong>ποῖ-θεῷ]</strong></span> <span class='ocrx_word' id='word_1_267' title='bbox 1129 3987 1288 4042; x_wconf 72' lang='grc' dir='ltr'>οόν-θοόν</span> 
     </span>
     <span class='ocr_line' id='line_1_33' title="bbox 139 4079 1288 4158; baseline -0.003 -22"><span class='ocrx_word' id='word_1_268' title='bbox 139 4079 160 4136; x_wconf 84' lang='lat' dir='ltr'>C</span> <span class='ocrx_word' id='word_1_269' title='bbox 181 4079 212 4136; x_wconf 93' lang='grc' dir='ltr'><strong>Μ</strong></span> <span class='ocrx_word' id='word_1_270' title='bbox 319 4081 363 4136; x_wconf 84' lang='lat'>81.</span> <span class='ocrx_word' id='word_1_271' title='bbox 388 4079 536 4158; x_wconf 79' lang='grc' dir='ltr'>γέμουσαν]</span> <span class='ocrx_word' id='word_1_272' title='bbox 559 4085 681 4156; x_wconf 76' lang='grc' dir='ltr'><strong><em>γέμουσα</em></strong></span> <span class='ocrx_word' id='word_1_273' title='bbox 705 4079 727 4136; x_wconf 85' lang='lat' dir='ltr'>C</span> <span class='ocrx_word' id='word_1_274' title='bbox 835 4082 881 4137; x_wconf 83' lang='lat'>82.</span> <span class='ocrx_word' id='word_1_275' title='bbox 907 4081 946 4134; x_wconf 79' lang='grc' dir='ltr'>ὤν</span> <span class='ocrx_word' id='word_1_276' title='bbox 970 4100 1008 4144; x_wconf 77' lang='grc' dir='ltr'>τις</span> <span class='ocrx_word' id='word_1_277' title='bbox 1031 4079 1165 4155; x_wconf 77' lang='grc' dir='ltr'><strong><em>μάχιμος]</em></strong></span> <span class='ocrx_word' id='word_1_278' title='bbox 1189 4080 1228 4133; x_wconf 79' lang='grc' dir='ltr'>ὤν</span> <span class='ocrx_word' id='word_1_279' title='bbox 1251 4099 1288 4139; x_wconf 76' lang='grc' dir='ltr'>τις</span> 
     </span>
     <span class='ocr_line' id='line_1_34' title="bbox 138 4163 1288 4248; baseline -0.004 -20"><span class='ocrx_word' id='word_1_280' title='bbox 138 4173 243 4248; x_wconf 71' lang='grc' dir='ltr'><strong><em>μάχλος</em></strong></span> <span class='ocrx_word' id='word_1_281' title='bbox 262 4173 335 4228; x_wconf 84' lang='grc' dir='ltr'>οοοί.</span> <span class='ocrx_word' id='word_1_282' title='bbox 352 4171 396 4228; x_wconf 85' lang='lat' dir='ltr'>M:</span> <span class='ocrx_word' id='word_1_283' title='bbox 416 4171 449 4230; x_wconf 85' lang='lat' dir='ltr'>n.</span> <span class='ocrx_word' id='word_1_284' title='bbox 469 4173 565 4228; x_wconf 89' lang='lat' dir='ltr'>Scotto</span> <span class='ocrx_word' id='word_1_285' title='bbox 586 4174 654 4228; x_wconf 85' lang='lat' dir='ltr'>lasec</span> <span class='ocrx_word' id='word_1_286' title='bbox 676 4191 708 4228; x_wconf 85' lang='lat' dir='ltr'>er</span> <span class='ocrx_word' id='word_1_287' title='bbox 727 4173 818 4244; x_wconf 77' lang='lat' dir='ltr'>glossa</span> <span class='ocrx_word' id='word_1_288' title='bbox 843 4173 986 4243; x_wconf 72' lang='lat' dir='ltr'>marginali</span> <span class='ocrx_word' id='word_1_289' title='bbox 999 4229 1000 4234; x_wconf 8' lang='grc' dir='ltr'>χ</span> <span class='ocrx_word' id='word_1_290' title='bbox 1015 4183 1077 4228; x_wconf 85' lang='lat' dir='ltr'>nata</span> <span class='ocrx_word' id='word_1_291' title='bbox 1098 4172 1226 4226; x_wconf 81' lang='lat' dir='ltr'>ridentur</span> <span class='ocrx_word' id='word_1_292' title='bbox 1249 4163 1288 4224; x_wconf 74' lang='lat' dir='ltr'>alu</span> 
     </span>
     <span class='ocr_line' id='line_1_35' title="bbox 135 4259 1286 4339; baseline -0.007 -19"><span class='ocrx_word' id='word_1_293' title='bbox 135 4286 172 4328; x_wconf 80' lang='grc' dir='ltr'>ος</span> <span class='ocrx_word' id='word_1_294' title='bbox 189 4266 247 4322; x_wconf 86' lang='lat' dir='ltr'>sire</span> <span class='ocrx_word' id='word_1_295' title='bbox 267 4267 306 4328; x_wconf 71' lang='grc' dir='ltr'>εἷς</span> <span class='ocrx_word' id='word_1_296' title='bbox 330 4266 471 4339; x_wconf 74' lang='grc' dir='ltr'>Μάξιμος,</span> <span class='ocrx_word' id='word_1_297' title='bbox 494 4283 564 4338; x_wconf 86' lang='lat' dir='ltr'>qnae</span> <span class='ocrx_word' id='word_1_298' title='bbox 591 4275 717 4338; x_wconf 83' lang='lat' dir='ltr'>spectare</span> <span class='ocrx_word' id='word_1_299' title='bbox 741 4265 889 4321; x_wconf 85' lang='lat' dir='ltr'>arbitratur</span> <span class='ocrx_word' id='word_1_300' title='bbox 913 4265 947 4320; x_wconf 85' lang='lat' dir='ltr'>ad</span> <span class='ocrx_word' id='word_1_301' title='bbox 971 4263 1117 4320; x_wconf 83' lang='lat' dir='ltr'>Maximum</span> <span class='ocrx_word' id='word_1_302' title='bbox 1144 4259 1286 4332; x_wconf 77' lang='lat' dir='ltr'>Cynicum,</span> 
     </span>
     <span class='ocr_line' id='line_1_36' title="bbox 138 4344 1285 4433; baseline -0.006 -21"><span class='ocrx_word' id='word_1_303' title='bbox 138 4360 184 4433; x_wconf 92' lang='lat' dir='ltr'>qui</span> <span class='ocrx_word' id='word_1_304' title='bbox 204 4377 219 4413; x_wconf 86' lang='lat' dir='ltr'>a</span> <span class='ocrx_word' id='word_1_305' title='bbox 239 4358 358 4413; x_wconf 87' lang='lat' dir='ltr'>concilio</span> <span class='ocrx_word' id='word_1_306' title='bbox 379 4356 682 4431; x_wconf 83' lang='lat' dir='ltr'>Constantinopolitano</span> <span class='ocrx_word' id='word_1_307' title='bbox 703 4357 846 4412; x_wconf 80' lang='lat' dir='ltr'>damnatus</span> <span class='ocrx_word' id='word_1_308' title='bbox 866 4367 922 4414; x_wconf 83' lang='lat' dir='ltr'>est:</span> <span class='ocrx_word' id='word_1_309' title='bbox 941 4375 975 4412; x_wconf 83' lang='lat' dir='ltr'>sn</span> <span class='ocrx_word' id='word_1_310' title='bbox 987 4355 1122 4430; x_wconf 68' lang='lat' dir='ltr'>pausada?</span> <span class='ocrx_word' id='word_1_311' title='bbox 1194 4344 1285 4421; x_wconf 78' lang='grc' dir='ltr'><strong><em>οὗτος]</em></strong></span> 
     </span>
    </p>
   </div>
   <div class='ocr_carea' id='block_1_8' title="bbox 136 4448 688 4522">
    <p class='ocr_par' dir='ltr' id='par_1_8' title="bbox 136 4448 688 4522">
     <span class='ocr_line' id='line_1_37' title="bbox 136 4448 688 4522; baseline 0 -16"><span class='ocrx_word' id='word_1_312' title='bbox 136 4451 175 4506; x_wconf 79' lang='lat' dir='ltr'>dra</span> <span class='ocrx_word' id='word_1_313' title='bbox 194 4450 216 4507; x_wconf 87' lang='lat' dir='ltr'>C</span> <span class='ocrx_word' id='word_1_314' title='bbox 344 4451 389 4508; x_wconf 75' lang='grc'>84.</span> <span class='ocrx_word' id='word_1_315' title='bbox 410 4451 503 4522; x_wconf 76' lang='lat' dir='ltr'>sucini]</span> <span class='ocrx_word' id='word_1_316' title='bbox 523 4452 600 4506; x_wconf 75' lang='lat' dir='ltr'>sadra</span> <span class='ocrx_word' id='word_1_317' title='bbox 619 4448 641 4505; x_wconf 87' lang='lat' dir='ltr'>C</span> <span class='ocrx_word' id='word_1_318' title='bbox 658 4451 688 4506; x_wconf 92' lang='grc' dir='ltr'><strong>Μ</strong></span> 
     </span>
    </p>
   </div>
   <div class='ocr_carea' id='block_1_9' title="bbox 0 0 1550 4980">
    <p class='ocr_par' dir='ltr' id='par_1_9' title="bbox 0 0 1550 4980">
     <span class='ocr_line' id='line_1_38' title="bbox 0 0 1550 4980; baseline 0 0"><span class='ocrx_word' id='word_1_319' title='bbox 0 0 1550 4980; x_wconf 95' lang='lat' dir='ltr'> </span> 
     </span>
    </p>
   </div>
  </div>
 </body>
</html>
