3050 4988
224 204 288 270 336
333 202 552 286 (pamm.)
693 207 787 265 ποτε
809 205 858 280 vl,
882 209 932 265 ετ.

201 371 300 438 ιποτδ
321 372 381 450 μὲν
401 369 446 443 είς
468 365 644 454 ὁλόκληρον
665 368 853 449 συνάγοντες
872 367 928 431 τὸν
956 363 1103 448 ἀριθμὸν
1132 363 1262 426 ποιοῦσι
1283 382 1384 445 τρια-

223 473 379 551 κοντάδα,
403 478 478 538 ποτε
501 473 537 539 δὲ
558 476 613 539 τδν
642 474 824 540 δωδέκατον
856 475 1067 559 ὑφαιροῦντες
1097 467 1294 556 ψηφίζουσιν
1324 469 1384 529 έν-

224 580 317 645 δεκα·
340 580 458 664 δμοίως
479 585 534 644 καὶ
559 581 615 646 τδν
643 581 776 646 δέκατον
806 585 953 645 ποιοῦσιν
981 579 1093 643 ἐννέα’
1122 581 1221 640 ταῦτα
1243 574 1279 637 δὲ
1301 573 1383 638 ἐπτ-

225 687 454 770 συμπλέκοντες
486 692 540 752 καί
573 687 886 763 δεκαπλασιάσαντες
920 685 1065 772 άριδμδν
1095 682 1274 750 ἐπιτελοῦσι
1310 684 1381 744 τῶν
1483 699 1484 704 ’

203 794 411 880 οένενήκοντα
433 794 539 859 ἐννέα.
586 793 712 880 Ἐπειδή
742 794 778 859 δὲ
810 793 1030 869 δδωδέκατος
1061 791 1142 856 αίολν
1172 789 1381 876 καταλείψας

225 901 297 977 τους
318 900 432 966 ένδεκα
455 907 509 966 καλ
529 901 673 988 άποπδς
694 903 779 968 κάτω
800 902 957 988 ἐχώρησε,
991 901 1151 986 φάσκουσι
1172 896 1380 982 κατάλληλον

225 1014 400 1074 καὶτοῦτο.
438 1008 476 1073 Ὁ
496 1010 558 1095 γάρ
579 1009 678 1086 τύπος
698 1014 761 1076 τῶν
789 1011 983 1094 γραμμάτων
1014 1007 1170 1073 διδάσκει·
1202 1004 1380 1070 ἑνδέκατον

225 1124 287 1210 γάρ
308 1128 371 1186 τῶν
392 1124 587 1207 γραμμάτων
609 1128 738 1189 κεῖσθαι
760 1126 795 1188 τδ
817 1125 851 1202 λ,
867 1123 898 1188 δ
919 1125 1002 1189 ἐστιν
1023 1121 1167 1208 α’ριθγιδς
1193 1125 1257 1185 τῶν
1282 1119 1379 1200 τριά-

226 1251 331 1306 κοντα,
355 1233 409 1292 καί
430 1233 560 1294 κετσδαι
583 1229 661 1296 αδτδ
675 1232 742 1296 κατ’
762 1231 872 1296 είκδνα
888 1233 941 1316 τῆς
959 1231 1028 1295 άνω
1048 1230 1242 1312 οίκονογιίας,
1260 1225 1377 1311 ἐπειδή

189 1357 218 1405 10
227 1337 293 1402 άπδ
316 1341 371 1400 τοῦ
393 1335 505 1423 άλφα,
529 1344 623 1424 χωρὶς
645 1343 700 1404 τοῦ
722 1339 891 1426 ἐπισήμου,
923 1335 1029 1402 αὐτῶν
1050 1341 1113 1402 τῶν
1133 1337 1332 1421 γραμμάτων
1353 1333 1373 1398 δ

227 1451 370 1540 α’ριδμδς
391 1457 450 1528 ἕως
476 1457 530 1520 τοῦ
544 1435 581 1518 ἶ
595 1459 850 1540 συντεθειμένος,
880 1452 960 1518 κατά
992 1453 1049 1537 τήν
1078 1451 1281 1536 παραύξησιν
1308 1451 1377 1512 τοῖν

225 1567 421 1655 γραμμάτιον
431 1568 490 1633 σδν
503 1567 588 1656 αδτῷ
606 1553 681 1657 τῷλ
692 1571 748 1636 τδν
764 1571 1045 1658 ἐνενηκονταεννέα
1059 1578 1195 1633 ποιείται
1215 1564 1376 1651 α’ριδμόυ.

220 1677 286 1746 Ὀτι
309 1683 344 1746 δέ
366 1683 400 1747 τδ
415 1665 449 1746 ἶ
463 1682 619 1771 ἑνδεκάτῳ
642 1689 785 1769 κείμενον
805 1687 893 1773 τδπρι
922 1685 975 1749 ἐπὶ
997 1685 1052 1771 τήν
1072 1687 1128 1748 τοῦ
1150 1683 1263 1766 ὁμοίου
1286 1679 1377 1767 αὐτῷ’

227 1788 368 1880 κατῆλθε
405 1789 539 1877 ζήτησιν,
573 1797 628 1856 ἵνα
660 1790 877 1884 άναπλήράση
898 1797 902 1874 Ι
921 1793 976 1857 τδν
1005 1790 1187 1856 δωδέκατον
1213 1786 1374 1876 ἀριθμόν,

191 1901 280 1960 τεκαὶ
302 1894 397 1984 εδρδν
419 1896 517 1962 αδτδν
538 1897 733 1985 έπληροίδη,
757 1901 900 1987 φανερδν
930 1899 1014 1964 εἶναι
1041 1898 1077 1976 ἐξ
1098 1896 1197 1962 αὐτοῦ
1218 1899 1273 1961 τοῦ
1296 1895 1375 1981 σχή-

225 2025 324 2086 ματος
354 2007 410 2068 τοῦ
448 2008 609 2085 στοιχείου.
672 2006 718 2070 Ta
749 2006 810 2090 γάρ
847 2005 978 2089 λάμβδα
1010 2004 1116 2091 ὥσπερ
1149 2004 1203 2070 ἐπὶ
1232 2004 1288 2090 τήν
1316 2005 1375 2066 τοῦ

227 2107 339 2193 ὁμοίου
359 2108 445 2198 αὐτῷ
468 2110 589 2198 ζήτησιν
609 2113 888 2200 παραγενόμενον,
911 2117 966 2177 καὶ
982 2111 1077 2198 εὑρδν
1091 2116 1145 2176 καὶ
1161 2110 1370 2197 άναρπάσαν,

226 2219 282 2303 τήν
311 2223 366 2282 τοῦ
398 2217 597 2284 δωδεκάτου
614 2219 819 2307 ἀνεπλήρωσε
848 2220 958 2308 χάραν
988 2225 1043 2284 τοῦ
1066 2225 1110 2284 Μ
1137 2224 1304 2306 στοιχείου,
1335 2218 1372 2282 ἐκ

229 2325 288 2389 διίο
310 2324 443 2410 λάμβδα
466 2331 679 2411 συγκειμένου.
732 2333 792 2392 Διὸ
815 2326 854 2415 δή
877 2331 931 2391 καὶ
956 2338 1069 2414 φυγεῖν
1098 2324 1213 2402 αδτοδς
1241 2324 1297 2390 διδ
1319 2328 1373 2411 τής

227 2563 303 2650 παρ’
326 2561 434 2641 αὐτοῖς
455 2563 632 2653 άπεκάησεν
658 2564 814 2653 άριθμόν.
865 2569 929 2630 Καὶ
957 2565 1027 2630 ἐπεὶ
1049 2563 1067 2629 δ
1089 2565 1269 2641 δωδέκατος
1289 2564 1372 2630 αίιδν

227 2669 369 2748 α’ποστδις
390 2671 558 2761 κατέλειψε
579 2673 651 2749 τυδς
681 2675 749 2738 ἄνω
775 2672 906 2750 ἕνδεκα,
940 2673 1138 2759 κατάλληλον
1166 2674 1290 2754 λέγουσι
1316 2674 1372 2738 τδν

226 2780 327 2846 τύπον
349 2784 412 2845 τῶν
431 2782 626 2868 γραμμάτων
648 2785 691 2869 τῷ
713 2782 844 2868 σχήματι
866 2784 921 2845 τοῦ
944 2780 1068 2861 λόγου
1090 2785 1236 2846 κείσδαι·
1265 2779 1371 2866 (ἑνδέ-

228 2919 324 2962 κατον
344 2897 406 2982 γάρ
428 2901 491 2963 τῶν
511 2897 706 2985 γραμμάτων
727 2907 825 2960 κτίται
847 2878 925 2974 τδ-λ,
949 2893 1067 2960 δέστιν
1082 2893 1225 2982 άριδμδς
1246 2900 1309 2959 τῶν
1323 2878 1369 2981 λ),

227 3011 282 3069 καλ
303 3004 376 3069 κατ’
395 3005 504 3071 είκόνα
526 3009 655 3070 κεῖσθαι
683 3011 736 3091 τής
758 3006 827 3068 ἄνω
849 3005 1048 3086 οίκονομίας,
1078 3003 1189 3090 ἐπειδή
1222 3003 1289 3068 α’πδ
1315 3011 1369 3070 τοῦ

229 3112 341 3199 ἄλφα,
364 3117 459 3199 χωρὶς
479 3116 534 3177 τοῦ
556 3113 730 3198 ἐπισήμου,
754 3111 861 3176 αδτοῖν
883 3114 946 3176 τῶν
963 3112 1158 3199 γραμμάτων
1186 3111 1203 3176 ὁ
1227 3111 1369 3198 άριδμδς

229 3229 289 3301 ἕως
309 3231 364 3290 τοῦ
380 3209 652 3311 Ῐσυπιδέμωος
671 3227 751 3291 κατὰ
780 3229 835 3313 τήν
856 3227 1058 3312 παραάξησιν
1086 3229 1148 3290 τῶν
1176 3226 1369 3310 γραμμάτων

229 3340 287 3404 συν
308 3337 395 3426 αὐτῷ
416 3325 501 3428 τῴλ
520 3345 575 3407 τδν
596 3347 659 3406 τῶν
679 3343 958 3430 ένενηκονταεννέα
978 3352 1115 3406 ποιεῖται
1129 3339 1283 3426 α’ριθμόν.
1305 3339 1367 3404 Ὀτι

228 3453 264 3518 δὲ
286 3435 372 3532 τδ-λ,
397 3453 567 3520 ἑνδέκατον
587 3459 626 3521 δν
646 3461 683 3549 τῇ
704 3458 807 3536 τάξει,
830 3459 885 3523 ἐπὶ
906 3458 961 3544 τήν
982 3460 1037 3522 τοῦ
1059 3455 1170 3541 ὁμοίου
1184 3453 1367 3519 αδτοῦκατ-

226 3561 309 3648 ήλδε
347 3561 485 3649 ζήτησιν,
513 3569 568 3627 ίνα
595 3561 810 3656 α’ναπληράση
844 3564 899 3629 τδν
931 3563 1114 3629 δωδέκατον
1143 3562 1289 3649 ἀριθμὸν
1316 3567 1367 3626 καὶ

226 3668 321 3754 εδρδν
343 3668 442 3735 αδτδν
463 3670 655 3758 ἐπληρώθη,
691 3673 834 3761 φανερδν
855 3673 938 3738 εἶναι
960 3673 996 3750 ἐξ
1017 3671 1116 3737 αδτοῦ
1137 3675 1192 3736 τοῦ
1215 3671 1367 3756 σχήματος

226 3781 283 3842 τοῦ
304 3781 466 3859 στοιχείου.
521 3782 567 3843 Τδ
596 3780 658 3865 γάρ
686 3787 722 3844 Λ
746 3779 851 3868 ὥσπερ
883 3780 937 3844 ἐπὶ
967 3781 1022 3867 τήν
1051 3783 1106 3844 τοῦ
1135 3778 1247 3862 δμοίου
1284 3775 1366 3865 αυτῷ

227 3883 349 3972 ζήτησιν
370 3885 633 3973 παραγενόμενον
654 3893 708 3951 καὶ
729 3886 824 3971 εδρδν
845 3892 899 3952 καὶ
927 3889 972 3963 είς
998 3885 1112 3951 ἑαυτὸν
1133 3884 1288 3971 ἁρπάσαν
1308 3883 1365 3949 αδ-

227 3993 282 4058 τδν
303 3993 359 4079 τήν
379 3997 434 4057 τοῦ
465 3991 647 4059 δωδεκάτου
677 3993 883 4082 ἀνεπλήρωσε
910 3994 1036 4082 χάραν,
1066 3999 1121 4059 τοῦ
1150 4000 1194 4059 Μ
1220 3997 1364 4075 στοιχείου

226 4101 262 4164 ἐκ
284 4099 345 4166 δύο
366 4105 402 4165 Λ
422 4103 634 4184 συγκειμένου.
686 4103 745 4166 Διδ
775 4106 829 4166 καὶ
851 4103 979 4188 φεύγειν
1001 4099 1100 4166 αὐτοῦ
1130 4101 1186 4166 διοὶ
1214 4106 1267 4188 τής
1287 4101 1365 4182 γνοί-

282 4362 308 4414 6.
328 4359 396 4429 τοὺς]
415 4357 460 4413 τὸν
480 4355 540 4413 cM
657 4363 683 4415 6.
697 4363 724 4416 7.
745 4360 782 4418 Et
800 4362 868 4418 haec
886 4370 914 4416 εί
932 4379 1002 4434 quae
1021 4359 1192 4434 Epiphanius
1211 4360 1365 4435 Interpret-
