<?xml version="1.0" encoding="UTF-8"?>
<!DOCTYPE html PUBLIC "-//W3C//DTD XHTML 1.0 Transitional//EN"
    "http://www.w3.org/TR/xhtml1/DTD/xhtml1-transitional.dtd">
<html xmlns="http://www.w3.org/1999/xhtml" xml:lang="en" lang="en">
 <head>
  <title>
</title>
<meta http-equiv="Content-Type" content="text/html;charset=utf-8" />
  <meta name='ocr-system' content='tesseract 3.04.00' />
  <meta name='ocr-capabilities' content='ocr_page ocr_carea ocr_par ocr_line ocrx_word'/>
</head>
<body>
  <div class='ocr_page' id='page_1' title='image "./refutationisomn00hippgoog_0356.png"; bbox 0 0 3050 4988; ppageno 0'>
   <div class='ocr_carea' id='block_1_1' title="bbox 656 249 1313 320">
    <p class='ocr_par' dir='ltr' id='par_1_1' title="bbox 656 249 1313 320">
     <span class='ocr_line' id='line_1_1' title="bbox 656 249 1313 320; baseline -0.002 -3"><span class='ocrx_word' id='word_1_1' title='bbox 656 259 804 320; x_wconf 74' lang='lat' dir='ltr'><strong>daucus.</strong></span> <span class='ocrx_word' id='word_1_2' title='bbox 1249 249 1313 318; x_wconf 82' lang='grc'><strong>343</strong></span> 
     </span>
    </p>
   </div>
   <div class='ocr_carea' id='block_1_2' title="bbox 154 421 1349 2220">
    <p class='ocr_par' dir='ltr' id='par_1_2' title="bbox 157 421 1349 1468">
     <span class='ocr_line' id='line_1_2' title="bbox 157 421 1311 508; baseline 0.003 -22"><span class='ocrx_word' id='word_1_3' title='bbox 157 421 282 488; x_wconf 88' lang='lat' dir='ltr'><strong>Zodlaci</strong></span> <span class='ocrx_word' id='word_1_4' title='bbox 317 423 402 488; x_wconf 90' lang='lat' dir='ltr'><strong>orbis</strong></span> <span class='ocrx_word' id='word_1_5' title='bbox 436 426 595 490; x_wconf 88' lang='lat' dir='ltr'><strong>circuitum</strong></span> <span class='ocrx_word' id='word_1_6' title='bbox 628 443 700 490; x_wconf 93' lang='lat' dir='ltr'><strong>esse</strong></span> <span class='ocrx_word' id='word_1_7' title='bbox 729 427 860 508; x_wconf 86' lang='lat' dir='ltr'><strong>partium</strong></span> <span class='ocrx_word' id='word_1_8' title='bbox 890 432 1097 490; x_wconf 87' lang='lat' dir='ltr'><strong>trecentarum</strong></span> <span class='ocrx_word' id='word_1_9' title='bbox 1131 425 1311 508; x_wconf 82' lang='lat' dir='ltr'><strong>sexaginta;</strong></span> 
     </span>
     <span class='ocr_line' id='line_1_3' title="bbox 159 529 1310 618; baseline 0.003 -26"><span class='ocrx_word' id='word_1_10' title='bbox 159 529 400 612; x_wconf 91' lang='lat' dir='ltr'><strong>unumquodque</strong></span> <span class='ocrx_word' id='word_1_11' title='bbox 428 534 508 596; x_wconf 88' lang='lat' dir='ltr'><strong>enim</strong></span> <span class='ocrx_word' id='word_1_12' title='bbox 537 535 659 618; x_wconf 87' lang='lat' dir='ltr'><strong>signum</strong></span> <span class='ocrx_word' id='word_1_13' title='bbox 690 539 793 615; x_wconf 88' lang='lat' dir='ltr'><strong>partes</strong></span> <span class='ocrx_word' id='word_1_14' title='bbox 826 532 943 598; x_wconf 86' lang='lat' dir='ltr'><strong>habere</strong></span> <span class='ocrx_word' id='word_1_15' title='bbox 971 534 1105 614; x_wconf 85' lang='lat' dir='ltr'><strong>triginta.</strong></span> <span class='ocrx_word' id='word_1_16' title='bbox 1162 533 1196 597; x_wconf 94' lang='lat' dir='ltr'><strong>ln</strong></span> <span class='ocrx_word' id='word_1_17' title='bbox 1229 531 1310 596; x_wconf 89' lang='lat' dir='ltr'><strong>hunc</strong></span> 
     </span>
     <span class='ocr_line' id='line_1_4' title="bbox 158 636 1349 724; baseline 0.003 -26"><span class='ocrx_word' id='word_1_18' title='bbox 158 636 255 721; x_wconf 86' lang='lat' dir='ltr'><strong>igitur</strong></span> <span class='ocrx_word' id='word_1_19' title='bbox 277 637 400 700; x_wconf 91' lang='lat' dir='ltr'><strong>modum</strong></span> <span class='ocrx_word' id='word_1_20' title='bbox 424 645 455 700; x_wconf 93' lang='lat' dir='ltr'><strong>et</strong></span> <span class='ocrx_word' id='word_1_21' title='bbox 476 657 535 720; x_wconf 86' lang='lat' dir='ltr'><strong>per</strong></span> <span class='ocrx_word' id='word_1_22' title='bbox 557 640 664 703; x_wconf 87' lang='lat' dir='ltr'><strong>orbem</strong></span> <span class='ocrx_word' id='word_1_23' title='bbox 687 642 853 724; x_wconf 77' lang='lat' dir='ltr'><strong>imaginem</strong></span> <span class='ocrx_word' id='word_1_24' title='bbox 875 639 1078 724; x_wconf 79' lang='lat' dir='ltr'><strong>cognationis,</strong></span> <span class='ocrx_word' id='word_1_25' title='bbox 1105 656 1187 722; x_wconf 93' lang='lat' dir='ltr'><strong>quae</strong></span> <span class='ocrx_word' id='word_1_26' title='bbox 1209 639 1349 704; x_wconf 79' lang='lat' dir='ltr'><strong>inter-8⁶</strong></span> 
     </span>
     <span class='ocr_line' id='line_1_5' title="bbox 157 742 1311 832; baseline 0.003 -26"><span class='ocrx_word' id='word_1_27' title='bbox 157 742 250 807; x_wconf 89' lang='lat' dir='ltr'><strong>cedat</strong></span> <span class='ocrx_word' id='word_1_28' title='bbox 272 745 353 808; x_wconf 90' lang='lat' dir='ltr'><strong>inter</strong></span> <span class='ocrx_word' id='word_1_29' title='bbox 375 762 555 832; x_wconf 88' lang='lat' dir='ltr'><strong>numerum,</strong></span> <span class='ocrx_word' id='word_1_30' title='bbox 588 748 640 828; x_wconf 94' lang='lat' dir='ltr'><strong>qui</strong></span> <span class='ocrx_word' id='word_1_31' title='bbox 663 753 711 810; x_wconf 90' lang='lat' dir='ltr'><strong>est</strong></span> <span class='ocrx_word' id='word_1_32' title='bbox 733 745 912 832; x_wconf 86' lang='lat' dir='ltr'><strong>duodecim,</strong></span> <span class='ocrx_word' id='word_1_33' title='bbox 936 753 966 810; x_wconf 91' lang='lat' dir='ltr'><strong>et</strong></span> <span class='ocrx_word' id='word_1_34' title='bbox 990 764 1076 832; x_wconf 89' lang='lat' dir='ltr'><strong>eum,</strong></span> <span class='ocrx_word' id='word_1_35' title='bbox 1108 747 1159 827; x_wconf 88' lang='lat' dir='ltr'><strong>qui</strong></span> <span class='ocrx_word' id='word_1_36' title='bbox 1183 754 1230 810; x_wconf 90' lang='lat' dir='ltr'><strong>est</strong></span> <span class='ocrx_word' id='word_1_37' title='bbox 1252 745 1311 810; x_wconf 92' lang='lat' dir='ltr'><strong>tri-</strong></span> 
     </span>
     <span class='ocr_line' id='line_1_6' title="bbox 159 849 1311 937; baseline 0.003 -25"><span class='ocrx_word' id='word_1_38' title='bbox 159 849 261 932; x_wconf 90' lang='lat' dir='ltr'><strong>ginta,</strong></span> <span class='ocrx_word' id='word_1_39' title='bbox 294 851 480 917; x_wconf 90' lang='lat' dir='ltr'><strong>custoditam</strong></span> <span class='ocrx_word' id='word_1_40' title='bbox 511 871 582 916; x_wconf 89' lang='lat' dir='ltr'><strong>esse</strong></span> <span class='ocrx_word' id='word_1_41' title='bbox 605 853 718 917; x_wconf 90' lang='lat' dir='ltr'><strong>dicunt.</strong></span> <span class='ocrx_word' id='word_1_42' title='bbox 773 853 903 937; x_wconf 89' lang='lat' dir='ltr'><strong>lnsuper</strong></span> <span class='ocrx_word' id='word_1_43' title='bbox 935 861 1037 919; x_wconf 88' lang='lat' dir='ltr'><strong>autem</strong></span> <span class='ocrx_word' id='word_1_44' title='bbox 1069 857 1100 917; x_wconf 90' lang='lat' dir='ltr'><strong>et</strong></span> <span class='ocrx_word' id='word_1_45' title='bbox 1132 859 1245 917; x_wconf 88' lang='lat' dir='ltr'><strong>terram</strong></span> <span class='ocrx_word' id='word_1_46' title='bbox 1279 852 1311 916; x_wconf 88' lang='lat' dir='ltr'><strong>ia</strong></span> 
     </span>
     <span class='ocr_line' id='line_1_7' title="bbox 161 956 1310 1044; baseline 0.003 -23"><span class='ocrx_word' id='word_1_47' title='bbox 161 956 325 1021; x_wconf 83' lang='lat' dir='ltr'><strong>duodecim</strong></span> <span class='ocrx_word' id='word_1_48' title='bbox 348 959 457 1042; x_wconf 85' lang='lat' dir='ltr'><strong>plagas</strong></span> <span class='ocrx_word' id='word_1_49' title='bbox 481 958 609 1024; x_wconf 85' lang='lat' dir='ltr'><strong>divisam</strong></span> <span class='ocrx_word' id='word_1_50' title='bbox 633 960 790 1044; x_wconf 88' lang='lat' dir='ltr'><strong>dicentes,</strong></span> <span class='ocrx_word' id='word_1_51' title='bbox 819 970 849 1025; x_wconf 88' lang='lat' dir='ltr'><strong>et</strong></span> <span class='ocrx_word' id='word_1_52' title='bbox 871 960 1041 1026; x_wconf 91' lang='lat' dir='ltr'><strong>secundum</strong></span> <span class='ocrx_word' id='word_1_53' title='bbox 1063 978 1310 1042; x_wconf 81' lang='lat' dir='ltr'><strong>unamquamque</strong></span> 
     </span>
     <span class='ocr_line' id='line_1_8' title="bbox 162 1065 1310 1150; baseline 0.002 -22"><span class='ocrx_word' id='word_1_54' title='bbox 162 1065 285 1148; x_wconf 86' lang='lat' dir='ltr'><strong>plagam</strong></span> <span class='ocrx_word' id='word_1_55' title='bbox 310 1065 462 1148; x_wconf 75' lang='lat' dir='ltr'><strong>singulam</strong></span> <span class='ocrx_word' id='word_1_56' title='bbox 485 1085 639 1149; x_wconf 90' lang='lat' dir='ltr'><strong>quamque</strong></span> <span class='ocrx_word' id='word_1_57' title='bbox 661 1073 845 1148; x_wconf 89' lang='lat' dir='ltr'><strong>potestatem</strong></span> <span class='ocrx_word' id='word_1_58' title='bbox 876 1087 916 1132; x_wconf 89' lang='lat' dir='ltr'><strong>ex</strong></span> <span class='ocrx_word' id='word_1_59' title='bbox 938 1067 1032 1132; x_wconf 88' lang='lat' dir='ltr'><strong>caelis</strong></span> <span class='ocrx_word' id='word_1_60' title='bbox 1058 1086 1116 1150; x_wconf 87' lang='lat' dir='ltr'><strong>per</strong></span> <span class='ocrx_word' id='word_1_61' title='bbox 1142 1066 1310 1131; x_wconf 90' lang='lat' dir='ltr'><strong>demissio-</strong></span> 
     </span>
     <span class='ocr_line' id='line_1_9' title="bbox 161 1169 1346 1260; baseline -0.002 -26"><span class='ocrx_word' id='word_1_62' title='bbox 161 1191 232 1236; x_wconf 85' lang='lat' dir='ltr'><strong>nem</strong></span> <span class='ocrx_word' id='word_1_63' title='bbox 260 1175 487 1260; x_wconf 77' lang='lat' dir='ltr'><strong>suscipientem,</strong></span> <span class='ocrx_word' id='word_1_64' title='bbox 510 1182 540 1238; x_wconf 92' lang='lat' dir='ltr'><strong>et</strong></span> <span class='ocrx_word' id='word_1_65' title='bbox 564 1174 602 1238; x_wconf 92' lang='lat' dir='ltr'><strong>ad</strong></span> <span class='ocrx_word' id='word_1_66' title='bbox 625 1174 851 1238; x_wconf 88' lang='lat' dir='ltr'><strong>similitudinem</strong></span> <span class='ocrx_word' id='word_1_67' title='bbox 873 1176 1043 1256; x_wconf 86' lang='lat' dir='ltr'><strong>parientem</strong></span> <span class='ocrx_word' id='word_1_68' title='bbox 1066 1171 1181 1235; x_wconf 87' lang='lat' dir='ltr'><strong>liberos</strong></span> <span class='ocrx_word' id='word_1_69' title='bbox 1195 1169 1346 1235; x_wconf 86' lang='lat' dir='ltr'><strong>demit-oo</strong></span> 
     </span>
     <span class='ocr_line' id='line_1_10' title="bbox 157 1280 1308 1366; baseline 0 -24"><span class='ocrx_word' id='word_1_70' title='bbox 157 1281 235 1343; x_wconf 86' lang='lat' dir='ltr'><strong>tenti</strong></span> <span class='ocrx_word' id='word_1_71' title='bbox 257 1299 312 1365; x_wconf 89' lang='lat' dir='ltr'><strong>per</strong></span> <span class='ocrx_word' id='word_1_72' title='bbox 334 1283 559 1346; x_wconf 76' lang='lat' dir='ltr'><strong>emanationem</strong></span> <span class='ocrx_word' id='word_1_73' title='bbox 582 1281 744 1366; x_wconf 88' lang='lat' dir='ltr'><strong>potestati,</strong></span> <span class='ocrx_word' id='word_1_74' title='bbox 766 1281 930 1366; x_wconf 87' lang='lat' dir='ltr'><strong>imaginem</strong></span> <span class='ocrx_word' id='word_1_75' title='bbox 955 1298 1025 1344; x_wconf 89' lang='lat' dir='ltr'><strong>esse</strong></span> <span class='ocrx_word' id='word_1_76' title='bbox 1049 1280 1125 1364; x_wconf 89' lang='lat' dir='ltr'><strong>eius,</strong></span> <span class='ocrx_word' id='word_1_77' title='bbox 1148 1297 1228 1362; x_wconf 88' lang='lat' dir='ltr'><strong>quae</strong></span> <span class='ocrx_word' id='word_1_78' title='bbox 1251 1295 1308 1343; x_wconf 91' lang='lat' dir='ltr'><strong>su-</strong></span> 
     </span>
     <span class='ocr_line' id='line_1_11' title="bbox 157 1387 550 1468; baseline 0.008 -19"><span class='ocrx_word' id='word_1_79' title='bbox 157 1403 256 1468; x_wconf 86' lang='lat' dir='ltr'><strong>perne</strong></span> <span class='ocrx_word' id='word_1_80' title='bbox 278 1394 326 1451; x_wconf 90' lang='lat' dir='ltr'><strong>est</strong></span> <span class='ocrx_word' id='word_1_81' title='bbox 348 1387 550 1453; x_wconf 89' lang='lat' dir='ltr'><strong>duodecadis.</strong></span> 
     </span>
    </p>

    <p class='ocr_par' dir='ltr' id='par_1_3' title="bbox 154 1492 1343 2220">
     <span class='ocr_line' id='line_1_12' title="bbox 245 1492 1307 1580; baseline -0.004 -22"><span class='ocrx_word' id='word_1_82' title='bbox 245 1492 296 1560; x_wconf 81' lang='lat'><strong>54.</strong></span> <span class='ocrx_word' id='word_1_83' title='bbox 341 1494 389 1559; x_wconf 82' lang='lat' dir='ltr'><strong>Ad</strong></span> <span class='ocrx_word' id='word_1_84' title='bbox 411 1495 491 1560; x_wconf 88' lang='lat' dir='ltr'><strong>haec</strong></span> <span class='ocrx_word' id='word_1_85' title='bbox 513 1501 615 1560; x_wconf 90' lang='lat' dir='ltr'><strong>autem</strong></span> <span class='ocrx_word' id='word_1_86' title='bbox 639 1504 782 1562; x_wconf 90' lang='lat' dir='ltr'><strong>conatum</strong></span> <span class='ocrx_word' id='word_1_87' title='bbox 806 1494 1000 1580; x_wconf 80' lang='lat' dir='ltr'><strong>demiurgum</strong></span> <span class='ocrx_word' id='word_1_88' title='bbox 1029 1493 1117 1578; x_wconf 88' lang='lat' dir='ltr'><strong>eius,</strong></span> <span class='ocrx_word' id='word_1_89' title='bbox 1147 1509 1227 1574; x_wconf 87' lang='lat' dir='ltr'><strong>quae</strong></span> <span class='ocrx_word' id='word_1_90' title='bbox 1249 1507 1307 1554; x_wconf 89' lang='lat' dir='ltr'><strong>su-</strong></span> 
     </span>
     <span class='ocr_line' id='line_1_13' title="bbox 155 1597 1306 1684; baseline -0.004 -20"><span class='ocrx_word' id='word_1_91' title='bbox 155 1617 255 1682; x_wconf 91' lang='lat' dir='ltr'><strong>perne</strong></span> <span class='ocrx_word' id='word_1_92' title='bbox 288 1609 336 1664; x_wconf 91' lang='lat' dir='ltr'><strong>est</strong></span> <span class='ocrx_word' id='word_1_93' title='bbox 367 1601 520 1684; x_wconf 85' lang='lat' dir='ltr'><strong>ogdoadis</strong></span> <span class='ocrx_word' id='word_1_94' title='bbox 551 1602 662 1666; x_wconf 90' lang='lat' dir='ltr'><strong>imitari</strong></span> <span class='ocrx_word' id='word_1_95' title='bbox 690 1602 837 1667; x_wconf 89' lang='lat' dir='ltr'><strong>inlinitum</strong></span> <span class='ocrx_word' id='word_1_96' title='bbox 868 1610 900 1665; x_wconf 87' lang='lat' dir='ltr'><strong>et</strong></span> <span class='ocrx_word' id='word_1_97' title='bbox 927 1611 1086 1666; x_wconf 90' lang='lat' dir='ltr'><strong>aeternum</strong></span> <span class='ocrx_word' id='word_1_98' title='bbox 1110 1607 1141 1663; x_wconf 89' lang='lat' dir='ltr'><strong>et</strong></span> <span class='ocrx_word' id='word_1_99' title='bbox 1162 1597 1306 1663; x_wconf 89' lang='lat' dir='ltr'><strong>intermi-</strong></span> 
     </span>
     <span class='ocr_line' id='line_1_14' title="bbox 156 1705 1343 1794; baseline -0.005 -24"><span class='ocrx_word' id='word_1_100' title='bbox 156 1727 229 1770; x_wconf 94' lang='lat' dir='ltr'><strong>num</strong></span> <span class='ocrx_word' id='word_1_101' title='bbox 252 1716 283 1772; x_wconf 89' lang='lat' dir='ltr'><strong>et</strong></span> <span class='ocrx_word' id='word_1_102' title='bbox 303 1708 526 1794; x_wconf 79' lang='lat' dir='ltr'><strong>intemporale,</strong></span> <span class='ocrx_word' id='word_1_103' title='bbox 554 1717 584 1772; x_wconf 91' lang='lat' dir='ltr'><strong>et</strong></span> <span class='ocrx_word' id='word_1_104' title='bbox 615 1711 759 1791; x_wconf 88' lang='lat' dir='ltr'><strong>imparem</strong></span> <span class='ocrx_word' id='word_1_105' title='bbox 783 1710 849 1774; x_wconf 87' lang='lat' dir='ltr'><strong>aius</strong></span> <span class='ocrx_word' id='word_1_106' title='bbox 872 1710 1059 1790; x_wconf 88' lang='lat' dir='ltr'><strong>sempiterno</strong></span> <span class='ocrx_word' id='word_1_107' title='bbox 1090 1713 1120 1771; x_wconf 90' lang='lat' dir='ltr'><strong>et</strong></span> <span class='ocrx_word' id='word_1_108' title='bbox 1150 1705 1343 1771; x_wconf 84' lang='lat' dir='ltr'><strong>indelebilioo</strong></span> 
     </span>
     <span class='ocr_line' id='line_1_15' title="bbox 156 1811 1304 1900; baseline -0.003 -22"><span class='ocrx_word' id='word_1_109' title='bbox 156 1813 353 1900; x_wconf 84' lang='lat' dir='ltr'><strong>effingendo,</strong></span> <span class='ocrx_word' id='word_1_110' title='bbox 377 1816 521 1898; x_wconf 91' lang='lat' dir='ltr'><strong>quoniam</strong></span> <span class='ocrx_word' id='word_1_111' title='bbox 545 1817 663 1881; x_wconf 87' lang='lat' dir='ltr'><strong>iructus</strong></span> <span class='ocrx_word' id='word_1_112' title='bbox 685 1817 724 1882; x_wconf 91' lang='lat' dir='ltr'><strong>sit</strong></span> <span class='ocrx_word' id='word_1_113' title='bbox 748 1815 887 1880; x_wconf 87' lang='lat' dir='ltr'><strong>defectus</strong></span> <span class='ocrx_word' id='word_1_114' title='bbox 900 1861 909 1898; x_wconf 96' lang='lat'><strong>,</strong></span> <span class='ocrx_word' id='word_1_115' title='bbox 938 1815 968 1878; x_wconf 93' lang='lat' dir='ltr'><strong>in</strong></span> <span class='ocrx_word' id='word_1_116' title='bbox 998 1814 1082 1878; x_wconf 88' lang='lat' dir='ltr'><strong>hunc</strong></span> <span class='ocrx_word' id='word_1_117' title='bbox 1107 1811 1198 1877; x_wconf 90' lang='lat' dir='ltr'><strong>linem</strong></span> <span class='ocrx_word' id='word_1_118' title='bbox 1222 1821 1304 1876; x_wconf 90' lang='lat' dir='ltr'><strong>tam-</strong></span> 
     </span>
     <span class='ocr_line' id='line_1_16' title="bbox 154 1917 1304 2006; baseline -0.003 -21"><span class='ocrx_word' id='word_1_119' title='bbox 154 1939 232 2002; x_wconf 89' lang='lat' dir='ltr'><strong>pora</strong></span> <span class='ocrx_word' id='word_1_120' title='bbox 254 1929 285 1987; x_wconf 90' lang='lat' dir='ltr'><strong>et</strong></span> <span class='ocrx_word' id='word_1_121' title='bbox 306 1930 460 1989; x_wconf 86' lang='lat' dir='ltr'><strong>momenta</strong></span> <span class='ocrx_word' id='word_1_122' title='bbox 482 1942 691 2006; x_wconf 90' lang='lat' dir='ltr'><strong>numerosque</strong></span> <span class='ocrx_word' id='word_1_123' title='bbox 713 1923 886 1987; x_wconf 86' lang='lat' dir='ltr'><strong>multennes</strong></span> <span class='ocrx_word' id='word_1_124' title='bbox 916 1921 955 1985; x_wconf 90' lang='lat' dir='ltr'><strong>ad</strong></span> <span class='ocrx_word' id='word_1_125' title='bbox 986 1927 1145 1987; x_wconf 86' lang='lat' dir='ltr'><strong>aeternum</strong></span> <span class='ocrx_word' id='word_1_126' title='bbox 1173 1919 1238 1982; x_wconf 90' lang='lat' dir='ltr'><strong>eius</strong></span> <span class='ocrx_word' id='word_1_127' title='bbox 1265 1917 1304 1982; x_wconf 90' lang='lat' dir='ltr'><strong>de</strong></span> 
     </span>
     <span class='ocr_line' id='line_1_17' title="bbox 154 2026 1303 2113; baseline -0.003 -21"><span class='ocrx_word' id='word_1_128' title='bbox 154 2047 212 2092; x_wconf 93' lang='lat' dir='ltr'><strong>suo</strong></span> <span class='ocrx_word' id='word_1_129' title='bbox 234 2030 397 2112; x_wconf 87' lang='lat' dir='ltr'><strong>posuisse,</strong></span> <span class='ocrx_word' id='word_1_130' title='bbox 422 2032 597 2113; x_wconf 83' lang='lat' dir='ltr'><strong>opinantem</strong></span> <span class='ocrx_word' id='word_1_131' title='bbox 620 2033 650 2094; x_wconf 92' lang='lat' dir='ltr'><strong>in</strong></span> <span class='ocrx_word' id='word_1_132' title='bbox 678 2030 903 2112; x_wconf 88' lang='lat' dir='ltr'><strong>longinquitate</strong></span> <span class='ocrx_word' id='word_1_133' title='bbox 928 2035 1100 2111; x_wconf 89' lang='lat' dir='ltr'><strong>temporum</strong></span> <span class='ocrx_word' id='word_1_134' title='bbox 1132 2045 1205 2092; x_wconf 91' lang='lat' dir='ltr'><strong>sese</strong></span> <span class='ocrx_word' id='word_1_135' title='bbox 1232 2026 1303 2089; x_wconf 91' lang='lat' dir='ltr'><strong>imi-</strong></span> 
     </span>
     <span class='ocr_line' id='line_1_18' title="bbox 154 2133 1303 2220; baseline -0.003 -22"><span class='ocrx_word' id='word_1_136' title='bbox 154 2135 213 2199; x_wconf 88' lang='lat' dir='ltr'><strong>tari</strong></span> <span class='ocrx_word' id='word_1_137' title='bbox 241 2153 334 2218; x_wconf 89' lang='lat' dir='ltr'><strong>posse</strong></span> <span class='ocrx_word' id='word_1_138' title='bbox 366 2138 434 2202; x_wconf 87' lang='lat' dir='ltr'><strong>eius</strong></span> <span class='ocrx_word' id='word_1_139' title='bbox 467 2145 636 2203; x_wconf 89' lang='lat' dir='ltr'><strong>aeternum.</strong></span> <span class='ocrx_word' id='word_1_140' title='bbox 693 2137 738 2201; x_wconf 89' lang='lat' dir='ltr'><strong>lbi</strong></span> <span class='ocrx_word' id='word_1_141' title='bbox 772 2154 847 2202; x_wconf 89' lang='lat' dir='ltr'><strong>vero</strong></span> <span class='ocrx_word' id='word_1_142' title='bbox 880 2135 1003 2220; x_wconf 88' lang='lat' dir='ltr'><strong>dicunt,</strong></span> <span class='ocrx_word' id='word_1_143' title='bbox 1039 2155 1107 2200; x_wconf 90' lang='lat' dir='ltr'><strong>cum</strong></span> <span class='ocrx_word' id='word_1_144' title='bbox 1141 2133 1303 2218; x_wconf 82' lang='lat' dir='ltr'><strong>effugisset</strong></span> 
     </span>
    </p>
   </div>
   <div class='ocr_carea' id='block_1_3' title="bbox 145 2326 1300 4120">
    <p class='ocr_par' dir='ltr' id='par_1_4' title="bbox 149 2326 1300 3460">
     <span class='ocr_line' id='line_1_19' title="bbox 153 2326 1300 2414; baseline -0.003 -24"><span class='ocrx_word' id='word_1_145' title='bbox 153 2326 313 2392; x_wconf 84' lang='lat' dir='ltr'><strong>ethoram</strong></span> <span class='ocrx_word' id='word_1_146' title='bbox 336 2327 461 2412; x_wconf 90' lang='lat' dir='ltr'><strong>dicunt,</strong></span> <span class='ocrx_word' id='word_1_147' title='bbox 485 2330 568 2412; x_wconf 93' lang='lat' dir='ltr'><strong>quod</strong></span> <span class='ocrx_word' id='word_1_148' title='bbox 592 2337 640 2394; x_wconf 90' lang='lat' dir='ltr'><strong>est</strong></span> <span class='ocrx_word' id='word_1_149' title='bbox 663 2329 876 2395; x_wconf 88' lang='lat' dir='ltr'><strong>duodecimum</strong></span> <span class='ocrx_word' id='word_1_150' title='bbox 899 2328 976 2414; x_wconf 90' lang='lat' dir='ltr'><strong>diei,</strong></span> <span class='ocrx_word' id='word_1_151' title='bbox 1011 2346 1052 2391; x_wconf 81' lang='lat' dir='ltr'><strong>en</strong></span> <span class='ocrx_word' id='word_1_152' title='bbox 1074 2328 1198 2410; x_wconf 89' lang='lat' dir='ltr'><strong>triginta</strong></span> <span class='ocrx_word' id='word_1_153' title='bbox 1223 2344 1300 2408; x_wconf 89' lang='lat' dir='ltr'><strong>par-</strong></span> 
     </span>
     <span class='ocr_line' id='line_1_20' title="bbox 153 2433 1298 2521; baseline 0.001 -27"><span class='ocrx_word' id='word_1_154' title='bbox 153 2433 232 2498; x_wconf 88' lang='lat' dir='ltr'><strong>tibus</strong></span> <span class='ocrx_word' id='word_1_155' title='bbox 256 2433 435 2498; x_wconf 87' lang='lat' dir='ltr'><strong>adornatam</strong></span> <span class='ocrx_word' id='word_1_156' title='bbox 458 2443 584 2520; x_wconf 90' lang='lat' dir='ltr'><strong>propter</strong></span> <span class='ocrx_word' id='word_1_157' title='bbox 605 2439 769 2521; x_wconf 90' lang='lat' dir='ltr'><strong>imaginem</strong></span> <span class='ocrx_word' id='word_1_158' title='bbox 792 2436 1002 2514; x_wconf 79' lang='lat' dir='ltr'><strong>triacontade,</strong></span> <span class='ocrx_word' id='word_1_159' title='bbox 1025 2440 1056 2496; x_wconf 91' lang='lat' dir='ltr'><strong>et</strong></span> <span class='ocrx_word' id='word_1_160' title='bbox 1078 2435 1173 2516; x_wconf 91' lang='lat' dir='ltr'><strong>ipsius</strong></span> <span class='ocrx_word' id='word_1_161' title='bbox 1196 2440 1298 2496; x_wconf 89' lang='lat' dir='ltr'><strong>autem</strong></span> 
     </span>
     <span class='ocr_line' id='line_1_21' title="bbox 151 2539 1299 2625; baseline 0 -21"><span class='ocrx_word' id='word_1_162' title='bbox 151 2539 275 2605; x_wconf 87' lang='lat' dir='ltr'><strong>Zodiaoi</strong></span> <span class='ocrx_word' id='word_1_163' title='bbox 314 2542 419 2606; x_wconf 88' lang='lat' dir='ltr'><strong>circuli</strong></span> <span class='ocrx_word' id='word_1_164' title='bbox 459 2544 835 2609; x_wconf 88' lang='lat' dir='ltr'><strong>circummensurationem</strong></span> <span class='ocrx_word' id='word_1_165' title='bbox 879 2561 951 2608; x_wconf 90' lang='lat' dir='ltr'><strong>esse</strong></span> <span class='ocrx_word' id='word_1_166' title='bbox 988 2542 1118 2625; x_wconf 90' lang='lat' dir='ltr'><strong>partium</strong></span> <span class='ocrx_word' id='word_1_167' title='bbox 1156 2540 1299 2619; x_wconf 64' lang='lat' dir='ltr'><strong>cocum</strong></span> 
     </span>
     <span class='ocr_line' id='line_1_22' title="bbox 152 2648 1299 2734; baseline 0.002 -24"><span class='ocrx_word' id='word_1_168' title='bbox 152 2648 299 2730; x_wconf 91' lang='lat' dir='ltr'><strong>quodque</strong></span> <span class='ocrx_word' id='word_1_169' title='bbox 323 2649 405 2712; x_wconf 92' lang='lat' dir='ltr'><strong>enim</strong></span> <span class='ocrx_word' id='word_1_170' title='bbox 426 2653 585 2733; x_wconf 89' lang='lat' dir='ltr'><strong>signorum</strong></span> <span class='ocrx_word' id='word_1_171' title='bbox 609 2659 711 2734; x_wconf 90' lang='lat' dir='ltr'><strong>partes</strong></span> <span class='ocrx_word' id='word_1_172' title='bbox 733 2651 850 2715; x_wconf 83' lang='lat' dir='ltr'><strong>labere</strong></span> <span class='ocrx_word' id='word_1_173' title='bbox 871 2649 966 2716; x_wconf 82' lang='lat' dir='ltr'>XXX.</span> <span class='ocrx_word' id='word_1_174' title='bbox 1023 2650 1074 2714; x_wconf 90' lang='lat' dir='ltr'><strong>Sic</strong></span> <span class='ocrx_word' id='word_1_175' title='bbox 1096 2667 1220 2733; x_wconf 90' lang='lat' dir='ltr'><strong>quoque</strong></span> <span class='ocrx_word' id='word_1_176' title='bbox 1243 2666 1299 2729; x_wconf 89' lang='lat' dir='ltr'><strong>per</strong></span> 
     </span>
     <span class='ocr_line' id='line_1_23' title="bbox 151 2753 1299 2843; baseline 0.001 -26"><span class='ocrx_word' id='word_1_177' title='bbox 151 2756 299 2819; x_wconf 86' lang='lat' dir='ltr'><strong>circulum</strong></span> <span class='ocrx_word' id='word_1_178' title='bbox 327 2757 492 2838; x_wconf 84' lang='lat' dir='ltr'><strong>imaginem</strong></span> <span class='ocrx_word' id='word_1_179' title='bbox 522 2759 725 2842; x_wconf 88' lang='lat' dir='ltr'><strong>copulationis</strong></span> <span class='ocrx_word' id='word_1_180' title='bbox 753 2776 878 2843; x_wconf 90' lang='lat' dir='ltr'><strong>eorum,</strong></span> <span class='ocrx_word' id='word_1_181' title='bbox 911 2774 991 2841; x_wconf 91' lang='lat' dir='ltr'><strong>quae</strong></span> <span class='ocrx_word' id='word_1_182' title='bbox 1018 2763 1089 2821; x_wconf 91' lang='lat' dir='ltr'><strong>sunt</strong></span> <span class='ocrx_word' id='word_1_183' title='bbox 1123 2753 1299 2838; x_wconf 89' lang='lat' dir='ltr'><strong>duodecim,</strong></span> 
     </span>
     <span class='ocr_line' id='line_1_24' title="bbox 150 2861 1300 2932; baseline 0 -7"><span class='ocrx_word' id='word_1_184' title='bbox 150 2861 190 2925; x_wconf 91' lang='lat' dir='ltr'><strong>ad</strong></span> <span class='ocrx_word' id='word_1_185' title='bbox 212 2861 305 2927; x_wconf 77' lang='lat' dir='ltr'><strong>XXX</strong></span> <span class='ocrx_word' id='word_1_186' title='bbox 320 2863 503 2928; x_wconf 90' lang='lat' dir='ltr'><strong>custoditam</strong></span> <span class='ocrx_word' id='word_1_187' title='bbox 536 2866 649 2932; x_wconf 89' lang='lat' dir='ltr'><strong>dicunt.</strong></span> <span class='ocrx_word' id='word_1_188' title='bbox 710 2865 823 2930; x_wconf 82' lang='lat' dir='ltr'><strong>Adhuc</strong></span> <span class='ocrx_word' id='word_1_189' title='bbox 856 2866 948 2928; x_wconf 91' lang='lat' dir='ltr'><strong>etiam</strong></span> <span class='ocrx_word' id='word_1_190' title='bbox 982 2870 1014 2928; x_wconf 91' lang='lat' dir='ltr'><strong>et</strong></span> <span class='ocrx_word' id='word_1_191' title='bbox 1040 2869 1152 2927; x_wconf 85' lang='lat' dir='ltr'><strong>terram</strong></span> <span class='ocrx_word' id='word_1_192' title='bbox 1182 2862 1212 2924; x_wconf 92' lang='lat' dir='ltr'><strong>in</strong></span> <span class='ocrx_word' id='word_1_193' title='bbox 1245 2861 1300 2928; x_wconf 82' lang='grc' dir='ltr'><strong>ΧΠ</strong></span> 
     </span>
     <span class='ocr_line' id='line_1_25' title="bbox 151 2969 1299 3058; baseline 0 -26"><span class='ocrx_word' id='word_1_194' title='bbox 151 2969 272 3032; x_wconf 87' lang='lat' dir='ltr'><strong>climata</strong></span> <span class='ocrx_word' id='word_1_195' title='bbox 296 2969 422 3034; x_wconf 85' lang='lat' dir='ltr'><strong>divisam</strong></span> <span class='ocrx_word' id='word_1_196' title='bbox 444 2973 598 3058; x_wconf 88' lang='lat' dir='ltr'><strong>dicantes,</strong></span> <span class='ocrx_word' id='word_1_197' title='bbox 628 2979 660 3036; x_wconf 90' lang='lat' dir='ltr'><strong>et</strong></span> <span class='ocrx_word' id='word_1_198' title='bbox 681 2973 712 3036; x_wconf 94' lang='lat' dir='ltr'><strong>in</strong></span> <span class='ocrx_word' id='word_1_199' title='bbox 736 2990 923 3055; x_wconf 89' lang='lat' dir='ltr'><strong>unoquoquo</strong></span> <span class='ocrx_word' id='word_1_200' title='bbox 950 2972 1070 3036; x_wconf 88' lang='lat' dir='ltr'><strong>climata</strong></span> <span class='ocrx_word' id='word_1_201' title='bbox 1096 2987 1299 3053; x_wconf 88' lang='lat' dir='ltr'><strong>unamquam-</strong></span> 
     </span>
     <span class='ocr_line' id='line_1_26' title="bbox 151 3075 1299 3162; baseline 0.002 -24"><span class='ocrx_word' id='word_1_202' title='bbox 151 3093 213 3156; x_wconf 94' lang='lat' dir='ltr'><strong>que</strong></span> <span class='ocrx_word' id='word_1_203' title='bbox 235 3075 378 3140; x_wconf 84' lang='lat' dir='ltr'><strong>virtutem</strong></span> <span class='ocrx_word' id='word_1_204' title='bbox 401 3095 442 3140; x_wconf 85' lang='lat' dir='ltr'><strong>ex</strong></span> <span class='ocrx_word' id='word_1_205' title='bbox 464 3079 558 3143; x_wconf 88' lang='lat' dir='ltr'><strong>caelis</strong></span> <span class='ocrx_word' id='word_1_206' title='bbox 586 3079 756 3143; x_wconf 90' lang='lat' dir='ltr'><strong>secundum</strong></span> <span class='ocrx_word' id='word_1_207' title='bbox 786 3079 1004 3144; x_wconf 90' lang='lat' dir='ltr'><strong>demissionem</strong></span> <span class='ocrx_word' id='word_1_208' title='bbox 1028 3080 1245 3162; x_wconf 88' lang='lat' dir='ltr'><strong>suscipientem</strong></span> <span class='ocrx_word' id='word_1_209' title='bbox 1268 3085 1299 3141; x_wconf 90' lang='lat' dir='ltr'><strong>et</strong></span> 
     </span>
     <span class='ocr_line' id='line_1_27' title="bbox 149 3181 1298 3270; baseline 0.004 -26"><span class='ocrx_word' id='word_1_210' title='bbox 149 3181 263 3244; x_wconf 87' lang='lat' dir='ltr'><strong>similes</strong></span> <span class='ocrx_word' id='word_1_211' title='bbox 286 3191 486 3264; x_wconf 82' lang='lat' dir='ltr'><strong>generantem</strong></span> <span class='ocrx_word' id='word_1_212' title='bbox 509 3182 589 3248; x_wconf 88' lang='lat' dir='ltr'><strong>lilios</strong></span> <span class='ocrx_word' id='word_1_213' title='bbox 611 3184 648 3263; x_wconf 72' lang='lat' dir='ltr'><strong>,ei</strong></span> <span class='ocrx_word' id='word_1_214' title='bbox 675 3184 794 3270; x_wconf 89' lang='lat' dir='ltr'><strong>virtuti,</strong></span> <span class='ocrx_word' id='word_1_215' title='bbox 826 3204 906 3268; x_wconf 88' lang='lat' dir='ltr'><strong>quae</strong></span> <span class='ocrx_word' id='word_1_216' title='bbox 936 3185 1092 3250; x_wconf 87' lang='lat' dir='ltr'><strong>demiserit</strong></span> <span class='ocrx_word' id='word_1_217' title='bbox 1122 3183 1298 3250; x_wconf 90' lang='lat' dir='ltr'><strong>distillatio-</strong></span> 
     </span>
     <span class='ocr_line' id='line_1_28' title="bbox 150 3289 1295 3371; baseline 0.003 -22"><span class='ocrx_word' id='word_1_218' title='bbox 150 3305 220 3350; x_wconf 91' lang='lat' dir='ltr'><strong>nem</strong></span> <span class='ocrx_word' id='word_1_219' title='bbox 232 3337 241 3371; x_wconf 90' lang='lat'><strong>,</strong></span> <span class='ocrx_word' id='word_1_220' title='bbox 265 3295 368 3370; x_wconf 79' lang='lat' dir='ltr'><strong>typum</strong></span> <span class='ocrx_word' id='word_1_221' title='bbox 393 3307 465 3354; x_wconf 91' lang='lat' dir='ltr'><strong>esse</strong></span> <span class='ocrx_word' id='word_1_222' title='bbox 489 3289 681 3355; x_wconf 89' lang='lat' dir='ltr'><strong>duodecadis</strong></span> <span class='ocrx_word' id='word_1_223' title='bbox 705 3295 736 3354; x_wconf 91' lang='lat' dir='ltr'><strong>et</strong></span> <span class='ocrx_word' id='word_1_224' title='bbox 760 3289 890 3355; x_wconf 88' lang='lat' dir='ltr'><strong>filiorum</strong></span> <span class='ocrx_word' id='word_1_225' title='bbox 923 3293 990 3356; x_wconf 87' lang='lat' dir='ltr'><strong>eius</strong></span> <span class='ocrx_word' id='word_1_226' title='bbox 1017 3292 1295 3356; x_wconf 79' lang='lat' dir='ltr'><strong>manifestissimum</strong></span> 
     </span>
     <span class='ocr_line' id='line_1_29' title="bbox 150 3403 338 3460; baseline 0 -2"><span class='ocrx_word' id='word_1_227' title='bbox 150 3403 338 3460; x_wconf 87' lang='lat' dir='ltr'><strong>asseverant.</strong></span> 
     </span>
    </p>

    <p class='ocr_par' dir='ltr' id='par_1_5' title="bbox 145 3499 1295 4120">
     <span class='ocr_line' id='line_1_30' title="bbox 234 3499 1295 3587; baseline 0 -23"><span class='ocrx_word' id='word_1_228' title='bbox 234 3499 264 3566; x_wconf 83' lang='lat'><strong>2.</strong></span> <span class='ocrx_word' id='word_1_229' title='bbox 310 3500 359 3565; x_wconf 77' lang='lat' dir='ltr'><strong>Ad</strong></span> <span class='ocrx_word' id='word_1_230' title='bbox 381 3500 459 3564; x_wconf 86' lang='lat' dir='ltr'><strong>haec</strong></span> <span class='ocrx_word' id='word_1_231' title='bbox 483 3509 583 3568; x_wconf 87' lang='lat' dir='ltr'><strong>autem</strong></span> <span class='ocrx_word' id='word_1_232' title='bbox 608 3503 761 3569; x_wconf 85' lang='lat' dir='ltr'><strong>volentem</strong></span> <span class='ocrx_word' id='word_1_233' title='bbox 793 3506 878 3569; x_wconf 88' lang='lat' dir='ltr'><strong>aiunt</strong></span> <span class='ocrx_word' id='word_1_234' title='bbox 907 3502 1098 3587; x_wconf 83' lang='lat' dir='ltr'><strong>demiurgum</strong></span> <span class='ocrx_word' id='word_1_235' title='bbox 1127 3503 1295 3584; x_wconf 87' lang='lat' dir='ltr'><strong>superioris</strong></span> 
     </span>
     <span class='ocr_line' id='line_1_31' title="bbox 148 3607 1294 3692; baseline 0.001 -21"><span class='ocrx_word' id='word_1_236' title='bbox 148 3607 302 3690; x_wconf 86' lang='lat' dir='ltr'><strong>ogdoadis</strong></span> <span class='ocrx_word' id='word_1_237' title='bbox 324 3609 550 3674; x_wconf 89' lang='lat' dir='ltr'><strong>interminabile</strong></span> <span class='ocrx_word' id='word_1_238' title='bbox 573 3616 605 3673; x_wconf 93' lang='lat' dir='ltr'><strong>et</strong></span> <span class='ocrx_word' id='word_1_239' title='bbox 627 3617 783 3675; x_wconf 90' lang='lat' dir='ltr'><strong>aeternum</strong></span> <span class='ocrx_word' id='word_1_240' title='bbox 809 3618 840 3673; x_wconf 89' lang='lat' dir='ltr'><strong>et</strong></span> <span class='ocrx_word' id='word_1_241' title='bbox 862 3609 1009 3674; x_wconf 87' lang='lat' dir='ltr'><strong>inlinitum</strong></span> <span class='ocrx_word' id='word_1_242' title='bbox 1040 3615 1071 3673; x_wconf 92' lang='lat' dir='ltr'><strong>et</strong></span> <span class='ocrx_word' id='word_1_243' title='bbox 1091 3609 1294 3692; x_wconf 88' lang='lat' dir='ltr'><strong>intemporale</strong></span> 
     </span>
     <span class='ocr_line' id='line_1_32' title="bbox 146 3715 1292 3800; baseline 0.001 -23"><span class='ocrx_word' id='word_1_244' title='bbox 146 3715 271 3798; x_wconf 89' lang='lat' dir='ltr'><strong>imitari,</strong></span> <span class='ocrx_word' id='word_1_245' title='bbox 296 3723 415 3779; x_wconf 89' lang='lat' dir='ltr'><strong>etcum</strong></span> <span class='ocrx_word' id='word_1_246' title='bbox 439 3733 501 3779; x_wconf 92' lang='lat' dir='ltr'><strong>non</strong></span> <span class='ocrx_word' id='word_1_247' title='bbox 525 3717 677 3797; x_wconf 90' lang='lat' dir='ltr'><strong>potuisset</strong></span> <span class='ocrx_word' id='word_1_248' title='bbox 698 3716 930 3798; x_wconf 88' lang='lat' dir='ltr'><strong>perseverabile</strong></span> <span class='ocrx_word' id='word_1_249' title='bbox 960 3719 1025 3780; x_wconf 91' lang='lat' dir='ltr'><strong>aius</strong></span> <span class='ocrx_word' id='word_1_250' title='bbox 1055 3723 1086 3780; x_wconf 89' lang='lat' dir='ltr'><strong>et</strong></span> <span class='ocrx_word' id='word_1_251' title='bbox 1110 3725 1292 3800; x_wconf 89' lang='lat' dir='ltr'><strong>perpetuum</strong></span> 
     </span>
     <span class='ocr_line' id='line_1_33' title="bbox 147 3820 1294 3908; baseline 0.001 -22"><span class='ocrx_word' id='word_1_252' title='bbox 147 3822 341 3907; x_wconf 77' lang='lat' dir='ltr'><strong>deformare,</strong></span> <span class='ocrx_word' id='word_1_253' title='bbox 365 3822 436 3888; x_wconf 87' lang='lat' dir='ltr'><strong>ideo</strong></span> <span class='ocrx_word' id='word_1_254' title='bbox 459 3820 543 3902; x_wconf 92' lang='lat' dir='ltr'><strong>quod</strong></span> <span class='ocrx_word' id='word_1_255' title='bbox 566 3821 683 3884; x_wconf 80' lang='lat' dir='ltr'><strong>fructus</strong></span> <span class='ocrx_word' id='word_1_256' title='bbox 708 3821 867 3908; x_wconf 85' lang='lat' dir='ltr'><strong>sillabis,</strong></span> <span class='ocrx_word' id='word_1_257' title='bbox 894 3825 924 3886; x_wconf 95' lang='lat' dir='ltr'><strong>in</strong></span> <span class='ocrx_word' id='word_1_258' title='bbox 948 3830 1121 3907; x_wconf 90' lang='lat' dir='ltr'><strong>temporum</strong></span> <span class='ocrx_word' id='word_1_259' title='bbox 1143 3825 1240 3907; x_wconf 91' lang='lat' dir='ltr'><strong>spatia</strong></span> <span class='ocrx_word' id='word_1_260' title='bbox 1263 3832 1294 3888; x_wconf 92' lang='lat' dir='ltr'><strong>et</strong></span> 
     </span>
     <span class='ocr_line' id='line_1_34' title="bbox 146 3928 1293 4011; baseline 0.002 -19"><span class='ocrx_word' id='word_1_261' title='bbox 146 3938 284 4011; x_wconf 91' lang='lat' dir='ltr'><strong>tempora</strong></span> <span class='ocrx_word' id='word_1_262' title='bbox 308 3936 339 3992; x_wconf 90' lang='lat' dir='ltr'><strong>ot</strong></span> <span class='ocrx_word' id='word_1_263' title='bbox 360 3946 507 3993; x_wconf 89' lang='lat' dir='ltr'><strong>numeros</strong></span> <span class='ocrx_word' id='word_1_264' title='bbox 531 3928 692 3992; x_wconf 89' lang='lat' dir='ltr'><strong>multorum</strong></span> <span class='ocrx_word' id='word_1_265' title='bbox 721 3948 871 3993; x_wconf 90' lang='lat' dir='ltr'><strong>annorum</strong></span> <span class='ocrx_word' id='word_1_266' title='bbox 901 3933 1113 3995; x_wconf 88' lang='lat' dir='ltr'><strong>aeternitatem</strong></span> <span class='ocrx_word' id='word_1_267' title='bbox 1143 3934 1210 3997; x_wconf 89' lang='lat' dir='ltr'><strong>eius</strong></span> <span class='ocrx_word' id='word_1_268' title='bbox 1233 3929 1293 3994; x_wconf 92' lang='lat' dir='ltr'><strong>de·</strong></span> 
     </span>
     <span class='ocr_line' id='line_1_35' title="bbox 145 4035 1293 4120; baseline 0.002 -22"><span class='ocrx_word' id='word_1_269' title='bbox 145 4038 306 4120; x_wconf 87' lang='lat' dir='ltr'><strong>posuisse,</strong></span> <span class='ocrx_word' id='word_1_270' title='bbox 341 4036 563 4100; x_wconf 82' lang='lat' dir='ltr'><strong>existimantem</strong></span> <span class='ocrx_word' id='word_1_271' title='bbox 596 4037 626 4097; x_wconf 93' lang='lat' dir='ltr'><strong>in</strong></span> <span class='ocrx_word' id='word_1_272' title='bbox 659 4035 849 4100; x_wconf 90' lang='lat' dir='ltr'><strong>multitudine</strong></span> <span class='ocrx_word' id='word_1_273' title='bbox 881 4043 1049 4119; x_wconf 86' lang='lat' dir='ltr'><strong>temporum</strong></span> <span class='ocrx_word' id='word_1_274' title='bbox 1084 4037 1194 4101; x_wconf 87' lang='lat' dir='ltr'><strong>imitari</strong></span> <span class='ocrx_word' id='word_1_275' title='bbox 1226 4039 1293 4101; x_wconf 91' lang='lat' dir='ltr'><strong>eius</strong></span> 
     </span>
    </p>
   </div>
   <div class='ocr_carea' id='block_1_4' title="bbox 142 4189 1292 4490">
    <p class='ocr_par' dir='ltr' id='par_1_6' title="bbox 142 4189 1292 4490">
     <span class='ocr_line' id='line_1_36' title="bbox 144 4189 1290 4308; baseline -0.003 -22"><span class='ocrx_word' id='word_1_276' title='bbox 144 4227 283 4307; x_wconf 72' lang='grc' dir='ltr'>ὁμοίωμα]</span> <span class='ocrx_word' id='word_1_277' title='bbox 301 4231 348 4286; x_wconf 73' lang='grc' dir='ltr'><strong>καὶ</strong></span> <span class='ocrx_word' id='word_1_278' title='bbox 370 4230 498 4306; x_wconf 76' lang='grc' dir='ltr'>ὁμοίωμα</span> <span class='ocrx_word' id='word_1_279' title='bbox 517 4227 539 4285; x_wconf 85' lang='lat' dir='ltr'>C</span> <span class='ocrx_word' id='word_1_280' title='bbox 558 4227 588 4285; x_wconf 83' lang='grc' dir='ltr'><strong>Μ</strong></span> <span class='ocrx_word' id='word_1_281' title='bbox 703 4231 747 4286; x_wconf 78' lang='lat'><strong>54.</strong></span> <span class='ocrx_word' id='word_1_282' title='bbox 766 4228 892 4308; x_wconf 74' lang='grc' dir='ltr'><strong>δυνάμει]</strong></span> <span class='ocrx_word' id='word_1_283' title='bbox 911 4189 1030 4306; x_wconf 56' lang='grc' dir='ltr'>δνναμνν</span> <span class='ocrx_word' id='word_1_284' title='bbox 1048 4228 1070 4286; x_wconf 85' lang='lat' dir='ltr'>C</span> <span class='ocrx_word' id='word_1_285' title='bbox 1089 4228 1119 4285; x_wconf 79' lang='grc' dir='ltr'>Μ</span> <span class='ocrx_word' id='word_1_286' title='bbox 1245 4231 1290 4284; x_wconf 84' lang='grc'><strong>55.</strong></span> 
     </span>
     <span class='ocr_line' id='line_1_37' title="bbox 142 4319 1292 4399; baseline -0.003 -21"><span class='ocrx_word' id='word_1_287' title='bbox 142 4325 214 4378; x_wconf 70' lang='grc' dir='ltr'>εἶναι</span> <span class='ocrx_word' id='word_1_288' title='bbox 232 4339 277 4378; x_wconf 89' lang='lat' dir='ltr'><strong>om</strong></span> <span class='ocrx_word' id='word_1_289' title='bbox 297 4320 319 4378; x_wconf 87' lang='lat' dir='ltr'>C</span> <span class='ocrx_word' id='word_1_290' title='bbox 336 4321 366 4378; x_wconf 82' lang='lat' dir='ltr'><strong><em>M</em></strong></span> <span class='ocrx_word' id='word_1_291' title='bbox 481 4324 526 4380; x_wconf 82' lang='lat'><strong>58.</strong></span> <span class='ocrx_word' id='word_1_292' title='bbox 543 4319 674 4399; x_wconf 74' lang='grc' dir='ltr'>μόνιμον]</span> <span class='ocrx_word' id='word_1_293' title='bbox 694 4322 810 4397; x_wconf 77' lang='grc' dir='ltr'>ἄμωμον</span> <span class='ocrx_word' id='word_1_294' title='bbox 827 4321 849 4380; x_wconf 86' lang='lat' dir='ltr'>C</span> <span class='ocrx_word' id='word_1_295' title='bbox 867 4321 897 4380; x_wconf 84' lang='lat' dir='ltr'><strong>M</strong></span> <span class='ocrx_word' id='word_1_296' title='bbox 1013 4324 1057 4379; x_wconf 82' lang='lat' dir='ltr'><strong>ot.</strong></span> <span class='ocrx_word' id='word_1_297' title='bbox 1083 4319 1218 4399; x_wconf 69' lang='grc' dir='ltr'>οἰόμενον]</span> <span class='ocrx_word' id='word_1_298' title='bbox 1237 4329 1292 4376; x_wconf 76' lang='lat' dir='ltr'><strong>st-</strong></span> 
     </span>
     <span class='ocr_line' id='line_1_38' title="bbox 142 4409 1031 4490; baseline -0.001 -20"><span class='ocrx_word' id='word_1_299' title='bbox 142 4414 259 4490; x_wconf 81' lang='grc' dir='ltr'>νόμενον</span> <span class='ocrx_word' id='word_1_300' title='bbox 275 4415 328 4490; x_wconf 71' lang='grc' dir='ltr'><strong>μὲν</strong></span> <span class='ocrx_word' id='word_1_301' title='bbox 344 4409 394 4472; x_wconf 69' lang='grc' dir='ltr'><strong>οὖν</strong></span> <span class='ocrx_word' id='word_1_302' title='bbox 411 4411 433 4470; x_wconf 86' lang='lat' dir='ltr'><strong>G</strong></span> <span class='ocrx_word' id='word_1_303' title='bbox 451 4413 482 4472; x_wconf 80' lang='grc' dir='ltr'>Μ</span> <span class='ocrx_word' id='word_1_304' title='bbox 589 4417 633 4470; x_wconf 78' lang='lat'><strong>62.</strong></span> <span class='ocrx_word' id='word_1_305' title='bbox 658 4413 785 4490; x_wconf 74' lang='grc' dir='ltr'><strong>ἀόρατον]</strong></span> <span class='ocrx_word' id='word_1_306' title='bbox 803 4415 848 4471; x_wconf 75' lang='lat' dir='ltr'><strong>Au</strong></span> <span class='ocrx_word' id='word_1_307' title='bbox 867 4415 1031 4489; x_wconf 74' lang='lat' dir='ltr'><strong>dns&#39;pavmv?</strong></span> 
     </span>
    </p>
   </div>
   <div class='ocr_carea' id='block_1_5' title="bbox 0 0 1530 4988">
    <p class='ocr_par' dir='ltr' id='par_1_7' title="bbox 0 0 1530 4988">
     <span class='ocr_line' id='line_1_39' title="bbox 0 0 1530 4988; baseline 0 5"><span class='ocrx_word' id='word_1_308' title='bbox 0 0 1530 4988; x_wconf 95' lang='lat' dir='ltr'><strong> </strong></span> 
     </span>
    </p>
   </div>
  </div>
 </body>
</html>
