3006 4976
634 354 762 413 unates.
1225 347 1266 410 97

25 505 27 552 ⁷
122 521 158 584 ttt
180 521 326 584 tabellam
350 537 426 584 vero
449 526 591 605 tenuem,
614 521 695 602 quali
715 518 849 582 fullones
870 523 974 580 vestes
997 523 1155 602 premunt,
1184 519 1268 581 tenui
1299 490 1308 502 ¹

25 619 27 672 5
121 628 234 708 laqueo
259 625 550 708 circumvolventes,
574 626 686 688 deinde
709 643 777 688 cum
793 623 926 686 stridore
940 623 1081 704 laqueum
1098 629 1267 686 attrectan-

124 741 170 796 tes
191 739 323 796 versant
353 731 511 815 tabellam,
544 749 581 794 ea
609 738 709 793 autem
733 735 833 794 rotata
856 733 965 790 sonum
994 729 1109 792 tonitru
1140 728 1306 792 similemte

125 839 235 902 reddit.
295 839 380 902 llaoo
403 838 497 921 igitur
527 838 557 899 in
591 835 673 900 hune
704 838 825 899 modum
853 833 1008 899 luduntur.
1059 835 1127 898 Alia
1159 840 1269 916 autem,

125 963 205 1026 quae
248 953 279 1009 et
309 945 374 1024 ipsa
403 945 456 1025 qui
496 943 560 1005 ludi
598 943 673 1004 liunt
702 957 758 1023 pro
788 941 906 1022 magnis
948 939 1126 1021 aestimant,
1165 956 1269 1020 expo-

127 1069 204 1114 nam.
267 1051 338 1113 Pice
373 1049 503 1112 ahenum
533 1047 655 1128 plenum
686 1047 791 1127 prunis
828 1044 1030 1107 candentibus
1058 1045 1269 1128 imponentes,

126 1157 176 1219 ubi
197 1155 322 1239 bulliet,
355 1154 548 1218 demittentes
571 1169 679 1215 manus
701 1169 763 1216 non
788 1153 1007 1226 amburuntur3
1040 1148 1096 1212 sed
1124 1150 1213 1213 etiam
1238 1150 1268 1210 in

128 1262 316 1326 carbonibus
344 1262 426 1344 ignis
457 1258 647 1323 ambulantes
678 1257 767 1320 nudis
796 1255 927 1338 pedibus
960 1272 1023 1319 non
1055 1255 1308 1332 amburuntur3tu

128 1368 183 1432 sed
208 1370 299 1431 etiam
323 1365 511 1449 pyramidem
535 1363 685 1445 lapideam
709 1365 740 1425 in
762 1361 835 1425 loeo
860 1360 1031 1442 impositam
1047 1360 1171 1422 ineendi
1188 1360 1269 1442 lacit,

127 1481 220 1536 etex
244 1491 301 1536 ore
323 1473 446 1535 multum
471 1469 560 1532 ellert
584 1469 697 1532 fumum
720 1474 751 1531 et
772 1469 905 1550 igneum.
949 1465 1069 1528 Deinde
1092 1468 1183 1528 etiam
1202 1467 1270 1527 sin-

128 1581 243 1643 donem
260 1581 422 1660 imponens
450 1579 482 1639 in
503 1575 585 1656 pelvi
606 1591 716 1656 aquae,
738 1573 839 1636 multis
856 1573 976 1634 inieetis
991 1570 1176 1634 carbonibus
1192 1588 1270 1632 oan-

128 1687 287 1766 dentibus‚
309 1685 357 1747 vel
380 1685 426 1747 sio
448 1683 608 1745 sindonem
632 1681 669 1743 ab
694 1681 757 1762 igni
779 1679 932 1761 integrum
956 1684 1069 1740 servat.
1121 1676 1269 1738 Tenebris

127 1801 230 1855 nutem
253 1791 285 1852 in
308 1789 435 1853 aedibus
457 1788 546 1850 lactis
569 1785 812 1848 introducturum
835 1799 907 1846 sese
925 1781 1174 1864 polliceturdeos
1190 1780 1307 1844 dae-so

127 1913 296 1980 monesve,
321 1901 352 1957 et
373 1897 399 1958 si
420 1895 499 1958 torte
522 1894 588 1974 quis
612 1890 769 1954 desiderat
784 1889 1000 1970 Aesculapium
1013 1889 1186 1971 monstrari,
1210 1886 1270 1949 de·
1391 1871 1393 1876 ’

126 2011 220 2067 vocat
240 2003 288 2065 bis
309 2002 448 2064 verbist'

215 2109 344 2172 Gnatum
368 2107 440 2170 olim
462 2113 648 2187 peremtum,
671 2119 779 2166 rursus
801 2099 1001 2163 immortalem
1025 2099 1178 2180 Apollinis

214 2215 291 2277 Cieo
313 2213 505 2276 libaminibus
529 2211 640 2272 adesse
664 2197 872 2271 auxiliatorem
896 2206 986 2267 meis:

215 2321 274 2394 Oui
298 2317 461 2400 aliquando
486 2323 518 2379 et
538 2317 711 2378 umbrarum
731 2312 842 2375 levium
863 2311 1041 2372 innumeras
1065 2315 1175 2392 gentes
1269 2329 1308 2378 sn

215 2427 333 2488 ‘lartnri
355 2424 433 2488 vasti
454 2439 577 2502 semper
599 2419 718 2481 defletis
741 2419 772 2480 in
796 2414 923 2478 aedibus
955 2461 956 2466 η

216 2530 441 2596 lrremeabilem
466 2529 649 2610 navigantes
671 2523 795 2587 lluvium
819 2525 1054 2599 streperumque
1077 2514 1208 2579 diaulum

217 2638 364 2701 Omnibus
388 2634 545 2717 aequalem
569 2645 711 2695 emensas
731 2625 907 2690 hominibus
929 2619 1123 2702 mortalibus,

217 2745 303 2809 luxto
325 2745 424 2807 laeum
447 2745 607 2824 gementes
631 2743 661 2798 et
682 2730 914 2814 implacabiliter
934 2727 1154 2805 lamentantes,

218 2851 288 2933 lpse
311 2869 327 2914 a
350 2847 471 2912 ridendi
493 2845 597 2908 nescia
620 2838 775 2904 retraxisti
797 2833 993 2912 Proserpina:
1279 2857 1309 2907 ω

218 2959 288 3022 Sive
308 2955 418 3019 incolis
440 2953 567 3015 l'rieooe
589 2955 715 3012 sanetae
737 2943 858 3024 sedem,
880 2957 936 3002 seu
961 2951 1121 2999 amoenam

218 3063 417 3145 Pergamum,
439 3061 505 3120 sive
527 3055 652 3135 inspieis
675 3050 791 3114 lonium
814 3043 1016 3126 Epidaurum,

219 3169 299 3250 lluo,
322 3168 429 3246 beate,
451 3165 544 3226 vocat
565 3166 596 3221 te
619 3172 777 3238 magorum
801 3153 945 3234 princeps
966 3145 1026 3208 bue
1049 3141 1170 3206 adesse.

219 3273 270 3338 33.
313 3273 477 3350 Postquam
490 3275 590 3329 autem
610 3262 719 3344 nugari
739 3257 867 3338 destitit,
889 3257 1017 3333 apparet
1031 3249 1063 3310 in
1076 3246 1145 3310 solo
1162 3247 1272 3328 igneus

131 3381 347 3462 Aeseulapius.
390 3373 510 3438 Deinde
529 3371 627 3453 posito
650 3369 681 3429 in
704 3362 806 3428 medio
831 3360 910 3442 pelvi
943 3371 1021 3435 aqua
1044 3352 1134 3433 pleno
1164 3364 1310 3414 omnesst

128 3666 213 3704 oeno
225 3645 383 3718 Roeperus:
404 3659 438 3695 an
455 3637 631 3693 cluentium?
689 3629 802 3685 κελοδόν
816 3645 839 3680 τε
852 3623 974 3692 δίαυλον]
993 3615 1105 3673 κελαδὸν
1122 3635 1146 3669 m
1164 3614 1275 3669 διαύλου

131 3738 306 3802 Meinekius,
324 3735 371 3808 qui
390 3731 471 3787 simul
490 3729 562 3804 noni.
582 3723 694 3780 κελανόν
711 3721 748 3792 (h.
768 3737 793 3773 e.
813 3712 944 3785 κελαινόν)
964 3712 1117 3765 testastur
1229 3705 1274 3759 67.

130 3831 234 3886 ἅπασιν
260 3831 319 3883 ἶσον
336 3824 414 3880 estid
436 3819 550 3892 ἀνδράσι
572 3807 729 3881 bromtoni]
844 3806 888 3861 68.
907 3795 1126 3875 παργοόωνταῦ
1229 3795 1275 3849 ἄλ·

131 3926 196 3977 λκιο
213 3917 259 3974 M:
278 3919 375 3972 delore
392 3913 436 3969 rel
455 3911 548 3983 ἄκριτα
567 3923 642 3978 susp.
661 3899 817 3958 Meinettus
939 3893 983 3947 69.
1003 3889 1090 3958 αὐτὸς]
1110 3883 1182 3948 αὖτις
1200 3902 1275 3957 susp.

132 4011 291 4068 Heinekiur
406 4002 568 4077 dpesdtimto]
588 3995 683 4069 ἀμειδῆ
700 3987 778 4052 rsoC
898 3984 1011 4056 lpaiooeo
1029 3977 1059 4034 Μ
1167 3978 1211 4032 69.
1231 3978 1276 4030 76.

133 4105 312 4177 φεροεφονίης
330 4099 360 4152 lr’
381 4089 526 4168 {pinarol}
618 4090 662 4141 tu.
685 4086 781 4155 Τρίκης
798 4076 963 4138 bleineltius‚
983 4071 1018 4126 cl.
1037 4069 1181 4124 Vindicius
1202 4065 1277 4119 Stra-

133 4197 200 4249 bon.
219 4211 247 4264 p.
270 4192 334 4246 156:
359 4187 463 4262 Θρῄκης
480 4182 502 4239 G
520 4179 549 4236 Μ
655 4176 731 4238 ἕδος,
748 4171 807 4240 elr']
826 4171 886 4227 ἕδος
903 4160 979 4226 olel]
1077 4161 1121 4213 71.
1141 4156 1172 4210 ir'
1193 4149 1277 4209 tntc

129 4281 282 4346 Ἀονίανῦς
310 4279 347 4335 ci.
367 4278 484 4334 Pausan.
504 4269 628 4328 Corinth.
647 4269 692 4321 26.
711 4261 741 4318 Μ
873 4259 917 4312 77.
944 4256 1051 4326 πρόμος
1073 4241 1125 4304 uida
1142 4245 1279 4318 παροῖκαο]

133 4370 187 4430 dn
206 4412 323 4428 .....
343 4367 381 4426 C=
401 4369 447 4423 ida
465 4400 607 4419 ......
626 4357 671 4412 bl:
687 4354 773 4429 χορὸς
790 4343 986 4420 ὤδοπορεῑνοι
1004 4339 1161 4399 Meinelrius
1234 4335 1278 4389 te.

128 4463 184 4520 ‘En’
204 4459 280 4516 6νο
394 4457 439 4511 tt.
458 4443 640 4525 πορρύδηςῦ
754 4432 893 4508 πλῆρηνῦ
