3050 4988
661 321 809 382 unucus
1247 309 1312 380 309

171 503 284 550 nornen
305 486 425 552 litterae
449 487 637 573 appellatur,
668 507 775 553 rursus
806 495 908 552 autern
932 487 1006 550 alias
1029 485 1095 550 illas
1117 486 1235 550 litteras
1257 503 1354 568 perte

172 594 246 658 alias
264 594 411 676 appellari
433 595 568 680 litteras,
600 604 630 660 et
653 596 726 660 alias
750 596 805 660 bas
835 613 894 678 per
918 595 1008 678 alias,
1042 600 1075 658 ut
1100 595 1132 656 in
1165 593 1313 656 inlinitum

170 702 280 766 evadat
313 703 471 768 multitudo
499 704 673 786 singulatim
703 704 813 768 litteris
846 705 977 784 scriptis.
1035 701 1069 764 ln
1098 701 1180 764 bunc
1212 707 1313 764 autem

170 809 291 873 modum
315 811 450 892 apertius
474 810 572 876 discat
594 812 743 894 quispiam
772 811 804 874 id
835 810 919 893 quod
953 810 1095 873 dicimus:
1128 809 1218 874 Delta
1243 810 1314 873 cle-

170 924 303 980 mentum
328 925 447 982 constet
468 918 576 982 litteris
600 920 754 1003 quinque,
777 919 815 993 A,
838 919 875 992 E,
897 919 940 992 A,
967 919 1005 991 T,
1027 917 1070 992 A,
1094 923 1124 978 et
1146 915 1205 978 bae
1226 917 1313 998 ipsae

168 1023 289 1088 litterae
320 1025 387 1089 aliis
408 1025 584 1089 scribuntur
605 1025 732 1110 litteris,
764 1032 796 1090 et
827 1024 886 1088 bae
915 1024 994 1089 aliae
1022 1041 1128 1086 rursus
1159 1022 1235 1086 aliis.
1281 1022 1352 1089 Sino

169 1132 263 1216 igitur
284 1135 428 1198 universa
451 1135 619 1198 substantia
641 1134 761 1197 litterae
782 1131 872 1196 Delta
893 1133 924 1195 in
947 1131 1094 1195 inlinitum
1110 1129 1221 1211 evadit,
1245 1148 1313 1192 cum

169 1257 291 1322 semper
315 1240 394 1304 aliae
417 1239 537 1306 litterae
562 1240 636 1304 alias
659 1246 813 1324 generent
836 1247 867 1302 et
888 1256 961 1304 sese
991 1237 1145 1319 excipiant
1170 1238 1313 1321 invicem,

169 1349 404 1431 quantomagis
433 1347 512 1412 illius
541 1347 685 1413 elementi
719 1365 791 1411 esse
815 1347 912 1411 maius
934 1365 1019 1410 mare
1040 1345 1232 1409 litterarum?
1276 1345 1314 1408 Et

168 1456 193 1518 si
215 1472 275 1518 una
299 1454 367 1518 sola
389 1455 489 1518 littera
511 1457 557 1520 sic
577 1455 710 1540 infinita,
741 1453 843 1518 videte
872 1455 1007 1519 universi
1030 1455 1160 1517 nominis
1183 1453 1313 1536 prolun-

168 1561 293 1626 dilatem
314 1561 501 1647 litterarum,
535 1582 575 1626 ex
608 1563 717 1645 quibus
751 1562 950 1644 Propatorem
984 1561 1078 1625 ltlcrci
1106 1561 1350 1644 laboriositas,to

167 1669 216 1732 vel
236 1668 333 1733 dicam
355 1687 449 1750 prava
471 1668 620 1733 sedulitas
648 1669 712 1734 vult
742 1677 896 1734 constare.
957 1669 1154 1750 Quapropter
1182 1668 1311 1752 Patrem,

167 1777 219 1858 qui
242 1783 349 1840 nosset
371 1793 405 1840 se
431 1774 653 1857 comprehendi
676 1794 738 1839 non
761 1793 864 1858 posse,
888 1775 1012 1840 dedisse
1036 1776 1207 1858 elementis,
1230 1790 1310 1856 quae

168 1889 198 1946 et
231 1901 346 1948 aeones
379 1891 490 1968 vocat,
525 1884 690 1965 unicuique
721 1883 841 1948 illorum
879 1884 1036 1966 proprium
1067 1900 1178 1946 sonum
1216 1881 1310 1964 ellari,

166 1990 414 2073 quandoquidem
437 2007 515 2053 unns
540 2008 601 2054 non
623 1992 722 2072 possit
744 1992 920 2054 universum
944 1990 1056 2072 eloqui.

252 2114 305 2180 44.
349 2116 402 2180 llis
424 2123 526 2180 autem
558 2117 705 2198 expositis
734 2116 898 2198 Tetractyn
929 2117 958 2178 ei
991 2117 1124 2180 dixisse:
1153 2115 1215 2179 lam
1239 2113 1349 2178 voluso

165 2461 241 2525 quas
264 2460 377 2507 nomen
400 2443 519 2506 litterae
542 2443 730 2528 nominatur,
764 2449 794 2505 et
815 2460 923 2507 rursus
957 2444 1032 2508 alias
1060 2464 1117 2528 per
1146 2444 1220 2508 alias
1243 2460 1308 2506 no-

165 2533 273 2615 minari
288 2552 412 2633 litteras,
425 2555 456 2613 el
468 2548 543 2613 alias
559 2567 614 2630 per
627 2549 712 2634 alias,
727 2553 768 2614 ite
782 2557 815 2614 ut
831 2552 861 2614 in
877 2555 1057 2616 immensum
1081 2546 1204 2611 decidat
1223 2546 1306 2611 mul·

164 2657 260 2721 titudo
282 2657 461 2721 litterarum.
506 2657 558 2721 Sic
580 2664 681 2720 nutem
702 2658 820 2739 planius
842 2658 943 2722 disces
958 2656 1042 2740 qnod
1060 2656 1185 2718 dicitur:
1217 2653 1306 2717 Delta

165 2763 349 2827 elementum
372 2763 490 2828 litteras
512 2763 605 2828 babet
626 2764 657 2826 in
678 2781 712 2827 se
735 2765 880 2850 quinque,
905 2771 936 2829 et
951 2765 1046 2847 ipsum
1069 2765 1101 2824 A
1121 2769 1152 2825 et
1172 2763 1202 2823 Ε
1222 2767 1253 2822 et
1274 2763 1310 2824 A

166 2877 196 2933 et
220 2873 253 2931 T
270 2879 301 2934 et
323 2873 370 2954 A,
394 2879 423 2935 el
446 2871 505 2934 bae
532 2889 638 2935 rursus
661 2870 780 2936 litterae
802 2892 859 2954 per
885 2873 961 2936 alias
982 2870 1156 2936 scribuntur
1177 2867 1305 2944 litteras,

164 2984 195 3040 et
217 2977 295 3042 elice
318 2996 374 3060 per
397 2977 482 3042 allas.
526 2979 557 3044 Si
580 2996 656 3060 ergo
680 2981 826 3042 universa
853 2978 1024 3043 substantia
1052 2974 1160 3040 Deltae
1191 2974 1220 3037 in
1244 2974 1305 3036 im-

164 3103 300 3148 mensum
325 3083 453 3167 decidit,
483 3086 550 3150 aliis
580 3086 655 3151 alias
685 3087 803 3150 litteras
831 3085 1052 3168 generantibus
1076 3091 1107 3146 et
1128 3081 1307 3148 succeden-

164 3191 243 3254 tibus
266 3189 464 3277 alterutrum‚
500 3202 615 3275 quanto
639 3195 738 3279 magis
767 3192 847 3256 illius
871 3191 1014 3255 elementi
1037 3192 1133 3254 mains
1154 3207 1224 3253 esse
1246 3207 1306 3271 pe-

164 3299 253 3382 lagus
274 3298 466 3362 litterarum?
511 3299 549 3362 Et
571 3301 596 3364 si
620 3318 681 3364 nna
703 3302 804 3365 littera
827 3301 872 3364 sic
895 3301 1043 3364 immensa
1066 3307 1129 3384 est,
1161 3296 1230 3360 vide
1253 3304 1306 3360 lo-

165 3407 223 3468 tius
245 3407 375 3468 nominis
397 3405 582 3487 protundum
602 3405 787 3487 litterarum,
817 3426 858 3471 ex
881 3407 991 3489 quibus
1013 3407 1181 3488 Propatora
1213 3403 1306 3467 llarei

165 3513 321 3578 Silentium
345 3521 489 3576 constare
513 3511 627 3577 docuit.
672 3512 867 3596 Quapropter
889 3521 919 3578 et
941 3512 1061 3577 Patrem
1083 3514 1231 3576 scientem
1254 3511 1307 3574 in-

164 3619 303 3702 capabile
327 3637 414 3684 snum
435 3620 559 3683 dedisse
583 3620 762 3705 elementis,
791 3638 870 3701 quae
894 3627 925 3683 et
948 3621 1074 3685 Aeonas
1096 3628 1202 3704 vocat,
1234 3622 1308 3683 nni-

163 3730 274 3809 culque
305 3745 412 3790 eorum
442 3746 528 3791 suam
563 3729 810 3792 enunciationem
844 3725 1031 3812 excludere,
1062 3746 1100 3793 eo
1130 3727 1213 3810 quod
1243 3746 1306 3792 non

163 3837 261 3916 possit
284 3852 375 3899 unum
399 3834 470 3899 illud
496 3835 579 3919 quod
602 3843 650 3898 est
671 3841 766 3898 lotum
789 3837 965 3898 enunciare.

166 4002 637 4018 ffl———n-—n—-n—-q—

163 4117 207 4172 69.
227 4117 291 4189 ἔχει]
310 4117 379 4188 ἔχειν
397 4113 420 4172 C
439 4115 468 4172 ll
539 4117 567 4172 τὸ
586 4117 612 4173 εἶ
631 4115 666 4172 C:
686 4119 713 4174 rb
730 4121 750 4175 ΐ
768 4118 798 4176 Μ
875 4121 903 4175 τὸ
919 4119 1048 4192 λάβδαῦ
1127 4123 1171 4176 rt.
1192 4119 1306 4176 chinis

47 4275 52 4280 .
163 4209 268 4264 inclusa
287 4227 320 4264 ex
338 4207 455 4266 Irenaeo
473 4211 601 4283 suppleta
619 4227 664 4266 orn
683 4209 749 4268 cll
863 4215 907 4269 rt.
925 4214 1028 4289 μείζον’
1048 4217 1118 4270 εἶναι
1137 4215 1181 4268 τὸν
1197 4213 1306 4285 πόντον]

160 4306 255 4376 μεῖζον
276 4306 346 4358 elrcr
371 4304 416 4358 τὸν
449 4303 530 4358 τόπον
554 4301 593 4359 cs
618 4307 710 4378 μεῖζον
734 4308 804 4361 eluar
828 4303 856 4360 ab
884 4309 1000 4380 artarer
1027 4303 1056 4362 lt
1088 4305 1228 4361 lrerrucum
1255 4323 1307 4360 se-

163 4405 242 4451 cutus
375 4398 420 4452 75.
446 4394 541 4461 adcor,
567 4397 654 4468 ὁρᾶτε]
675 4395 756 4460 οὕτως
773 4398 810 4461 ὥς
827 4397 962 4473 dpa‘rrarC
992 4395 1035 4453 Cl.
1054 4395 1127 4454 lrca.
1260 4398 1305 4453 78.

161 4487 331 4564 ἐπιστάμενος
349 4486 371 4545 C
491 4489 536 4546 81.
563 4489 590 4544 rb
610 4487 680 4544 ὅλων
811 4492 857 4548 82.
880 4489 964 4569 elnac]
984 4493 1039 4548 elne
1063 4486 1133 4546 cll
