3002 4958
613 319 812 380 tstttomttt.
1240 319 1281 385 53

133 507 275 572 versam,
298 506 388 570 poam
412 489 507 553 moliti
529 497 615 575 sunt,
638 509 762 573 pravam
786 490 954 556 doctrinam
978 509 1130 574 exponam
1154 499 1279 557 etcon·

134 597 263 680 istabo,
283 615 356 660 cum
377 598 407 660 in
430 597 512 660 illum
534 597 638 664 locum
654 598 880 665 devenerimus.
925 599 1012 664 Nunc
1034 618 1119 684 vero,
1143 619 1183 664 no
1200 600 1280 664 torte

132 707 295 786 quisquam
319 705 463 787 opinetur
482 705 544 768 tide
568 705 660 790 dipna
684 715 716 770 et
737 713 821 772 osma
846 726 933 791 csse,
968 725 1050 790 quas
1082 709 1162 790 apud
1186 708 1321 774 ctat-ss

133 813 233 876 dacos
257 812 405 894 opinione
427 819 550 895 recepta
573 821 644 878 sunt
666 816 748 880 circa
771 813 988 899 astrologicam
1013 815 1192 900 doctrinam,
1217 833 1278 880 non

134 919 347 984 cunctabimur
369 919 478 984 ‘horum
502 920 719 988 refutationem
755 924 861 1005 paucis
885 923 1013 1005 afferre,
1043 942 1111 985 cnm
1145 923 1279 988 damon·

132 1033 265 1092 stmmus
288 1027 406 1092 futilem
428 1045 499 1090 esse
521 1027 641 1092 illorum
665 1037 762 1094 artem
785 1036 818 1092 et
838 1031 881 1094 ita
904 1037 1129 1112 comparatam,
1167 1039 1200 1096 ut
1222 1033 1281 1094 dc-

132 1137 227 1218 cipiat
249 1138 352 1219 potius
373 1135 571 1219 funditusque
595 1138 680 1201 tollat
702 1145 834 1202 mantem
858 1146 1033 1221 sperantem
1057 1157 1153 1224 vana,
1186 1157 1275 1221 quam

133 1245 227 1308 iusct.
273 1244 461 1319 Quibuscum
485 1246 573 1308 nobis
597 1263 659 1309 non
684 1263 723 1308 ex
746 1246 820 1310 artis
842 1248 1018 1329 praeceptis
1040 1265 1092 1310 ras
1115 1249 1190 1331 orit,
1223 1247 1319 1312 sedeo

135 1371 174 1415 ax
196 1351 368 1416 raticsibus
390 1354 559 1418 communis
574 1355 666 1417 vitae.
712 1353 798 1418 lianc
818 1353 987 1418 doctrinam
1011 1357 1062 1435 qui
1077 1357 1185 1420 sectati
1198 1363 1279 1436 suut,

134 1460 359 1526 Chaldaeorum
382 1462 430 1524 usi
452 1461 694 1545 consuetudine,
717 1468 862 1544 tanquam
884 1480 965 1525 nova
979 1461 1152 1526 bominibus
1169 1471 1200 1526 et
1220 1463 1280 1526 mi·

139 1566 242 1630 rabilia
265 1566 435 1650 prodentes
458 1568 604 1649 mysteria
626 1571 818 1632 commutatis
840 1567 1015 1634 nominibus
1038 1569 1182 1634 haeresin
1203 1569 1277 1633 inde

139 1677 369 1740 constituerunt.
424 1675 654 1759 sedquoniam
682 1677 910 1762 astrologorum
943 1679 1001 1742 arti
1031 1677 1185 1741 miriticam
1219 1679 1278 1742 vim

140 1783 302 1848 tribuentes
324 1784 508 1868 illorumque
531 1787 579 1848 ssi
602 1785 786 1848 testimoniis
807 1784 1013 1849 moliminibus
1035 1787 1098 1848 suis
1120 1783 1212 1850 fidem
1227 1785 1318 1854 n-as

140 1911 212 1956 carc
233 1901 399 1977 conantur,
422 1911 524 1974 nono,
547 1893 636 1958 sicuti
660 1891 791 1976 placuit,
827 1893 1045 1976 astrologicam
1069 1900 1164 1958 artam
1188 1913 1277 1976 quant

135 2001 174 2064 sit
195 2001 298 2083 inepta
320 2001 609 2085 demonstrabimus,
636 1999 783 2084 deinceps
811 2000 1018 2064 Pereticorum
1043 2003 1133 2065 etiam
1158 2001 1277 2065 doctri·

137 2127 203 2172 narn
226 2109 420 2194 infirmaturi,
444 2117 587 2192 tanquam
611 2127 728 2173 ramum
751 2127 791 2172 ex
813 2109 916 2190 inepta
938 2108 1045 2174 radice
1062 2116 1277 2194 propagatum.

220 2217 251 2282 3.
297 2217 478 2300 Principium
502 2218 597 2302 igitur
619 2225 651 2284 et
672 2217 759 2299 quasi
778 2215 1007 2281 tundamentum
1021 2225 1068 2281 cst
1087 2217 1277 2301 constituere

134 2325 357 2408 horoscopum.
400 2325 450 2392 Ab
471 2326 532 2390 boc
555 2326 635 2390 euim
659 2325 769 2407 reliqui
792 2325 950 2390 cardinum
973 2331 1132 2390 sumuntur
1164 2328 1195 2388 st
1216 2325 1316 2390 de-tu

133 2434 318 2498 clinationes
333 2439 365 2496 et
378 2435 597 2500 successiones
615 2440 645 2497 ot
667 2432 819 2518 triangula
838 2441 870 2496 et
889 2430 1037 2516 quadrata
1059 2432 1277 2516 stellarumque

130 2540 168 2603 ad
207 2559 243 2602 ea
271 2541 552 2626 coolormationss,
583 2541 621 2604 ab
653 2541 796 2604 omnibus
828 2546 930 2604 autem
958 2539 1005 2604 bis
1038 2541 1275 2622 praedictiones.

131 2647 222 2710 llude
244 2647 367 2730 dempto
389 2648 567 2731 horoscopo
590 2649 769 2713 necessario
792 2664 894 2729 neque
914 2645 946 2709 id
976 2647 1059 2728 quod
1082 2657 1130 2712 est
1153 2649 1184 2710 io
1207 2667 1275 2710 rne-

130 2755 183 2820 dio
209 2757 286 2820 caeli
307 2765 359 2820 aut
380 2756 537 2841 occidens,
562 2763 614 2820 aut
635 2755 717 2838 qnod
743 2762 790 2818 est
802 2773 841 2818 cn
853 2753 987 2818 adsero
1006 2756 1072 2817 eius
1090 2753 1173 2836 quod
1186 2761 1232 2818 est
1246 2755 1276 2817 in

129 2863 237 2928 medio
259 2865 336 2928 caeli
359 2865 508 2949 cognosci
532 2871 647 2947 potcst3
670 2863 749 2927 baso
771 2867 872 2926 autem
896 2879 965 2926 cum
979 2859 1200 2944 conprehendi
1218 2877 1315 2928 ne-ss

128 2976 266 3052 queunt,
290 2987 350 3034 unu
372 2968 487 3034 tollitur
510 2971 654 3034 universa
678 2967 904 3032 Chaldaeorum
928 2985 988 3030 srs.
1046 2967 1184 3050 Reperiri
1215 2985 1274 3032 su-

126 3087 194 3142 tem
218 3078 258 3142 sb
280 3078 317 3141 iis
339 3096 402 3142 non
424 3096 519 3160 possa
542 3076 711 3158 horoscopi
730 3075 853 3160 signum
877 3073 1067 3141 multifariam
1081 3075 1153 3138 licet
1167 3083 1276 3140 osten·

126 3187 219 3250 dero.
265 3186 303 3249 Ut
325 3185 407 3252 enim
429 3185 489 3250 boo
521 3183 801 3268 comprehendatur
839 3190 964 3266 oportet
989 3185 1118 3266 primunr
1149 3185 1276 3268 genitu·-

127 3313 196 3358 rsm
221 3295 304 3376 eius,
328 3294 380 3376 qui
401 3293 484 3358 cadit
505 3293 562 3357 sub
585 3292 881 3375 considerationem,
905 3298 991 3354 certo
1013 3290 1166 3356 delinitam
1190 3309 1276 3371 esse,

128 3399 246 3466 deinde
269 3407 369 3464 autem
392 3401 627 3484 horoscopium,
651 3400 734 3482 quod
758 3399 838 3463 ittam
862 3398 1027 3484 significet,
1051 3417 1122 3464 esse
1138 3417 1200 3464 uon
1214 3399 1313 3462 lat-nu

128 3510 199 3593 lsx,
232 3515 389 3590 postremo
419 3516 519 3574 sutem
551 3510 766 3574 ascensionem
796 3508 876 3592 sigui
906 3514 1049 3572 accurate
1080 3507 1273 3571 observatam

127 3637 215 3682 esso.
260 3615 292 3679 ln
314 3617 465 3698 pariendo
488 3617 569 3680 enim
593 3618 737 3681 ascensio
761 3618 841 3700 signi
875 3616 906 3678 in
937 3616 1024 3680 caelo
1053 3618 1181 3680 orientis
1214 3617 1274 3682 cb-

127 3871 173 3925 45.
198 3865 476 3939 sumasne-ovillum&
566 3869 610 3924 45.
631 3867 645 3936 ἦ
664 3885 708 3923 out
728 3863 749 3922 C
850 3869 895 3922 46.
914 3869 995 3921 ἔνεστι
1013 3865 1113 3923 Sextus
1185 3869 1229 3923 49.
1247 3871 1275 3924 δι’

130 3975 174 4014 ont
197 3957 218 4016 C
289 3959 538 4032 dacorpumrdpsrvoa
557 3957 578 4013 C
597 3957 627 4014 bl
748 3957 863 4018 ἀπλανὲς
883 3953 968 4012 omG
1066 3961 1111 4015 50.
1129 3959 1274 4032 ἀναφορὰν

129 4051 247 4109 Sextus:
266 4052 404 4123 δναρ-σρᾶν
423 4049 444 4106 C
462 4050 491 4106 M
606 4052 650 4106 51.
667 4051 727 4105 Ἐπὶ
745 4049 858 4105 Sextus:
873 4050 933 4104 Ἀπὸ
952 4048 973 4104 C
992 4047 1021 4104 Μ
1137 4053 1180 4107 51.
1206 4053 1273 4107 ἀπσ-

127 4147 224 4209 σάξεως
242 4142 264 4198 C
284 4153 312 4198 et
330 4141 405 4198 Sexti
425 4141 511 4198 Godd.
532 4141 553 4197 C
573 4141 592 4198 S
612 4141 636 4196 V
696 4143 852 4214 r‘pdsnpupd
869 4175 905 4187 ·-
925 4143 1043 4215 ἴσχοντος
1061 4142 1083 4198 C
1173 4147 1216 4199 52.
1237 4165 1273 4200 ss-

126 4243 255 4308 reprimo
273 4233 311 4290 C.-
328 4236 455 4308 mnipprm
473 4234 572 4291 Sextus
644 4232 727 4289 lniC
800 4231 918 4290 Uberius
937 4233 1036 4292 Sextus
1055 4237 1085 4312 S.
1106 4239 1158 4294 53:
1176 4239 1274 4309 meips-

128 4347 185 4394 rns,
202 4327 326 4400 καθάπερ
345 4329 462 4400 διακόνῳ
480 4329 547 4403 πρὸς
570 4329 615 4396 τὴν
638 4327 742 4400 τήρησιν
770 4329 814 4382 rosi
840 4329 998 4401 olpourrdnno
1021 4333 1199 4404 χρησαμένων
1221 4329 1273 4386 πᾶν

129 4425 290 4477 Χαλδαίων·
314 4423 357 4476 trsi
374 4423 451 4496 di's‘p'
469 4422 595 4496 ἀναφορᾷ
614 4421 629 4475 b
647 4421 860 4496 σσσχημασνσμὸς
876 4424 929 4477 scir
948 4425 1034 4477 ἄλλων
1051 4424 1180 4492 ἀστέρων,
1207 4421 1271 4498 ὅπερ

129 4513 248 4588 dsdbspro
266 4515 388 4580 καλοῦσι,
398 4499 456 4569 “sat
472 4515 515 4569 isti
532 4515 566 4588 spi
583 4515 726 4588 dsudtpssm
742 4515 771 4568 ul
788 4516 1002 4588 προαγορεύσεις.
