3002 4958
620 315 821 378 semotum
1173 337 1177 369 ι
1250 311 1292 376 55

143 496 266 552 serrato
290 503 361 550 esse
384 483 489 568 debet,
512 485 659 568 pnontmn
683 485 852 569 horoscopi
867 485 987 570 signum
1003 481 1291 553 definientesGhat-

141 595 216 659 daei
237 613 278 658 ex
301 595 487 658 ascensione
510 595 787 676 configurationem
800 593 955 658 stoitarum
966 595 1135 679 instituunt,
1159 593 1190 657 id
1205 588 1289 676 quod

142 700 378 782 dispositionem
401 698 569 782 appeliant,
592 717 653 780 qua
676 700 774 764 innixi
795 697 1023 780 praedictiones
1037 698 1180 762 tormont-
1223 697 1327 766 veen

141 827 208 872 arun
234 822 337 888 nequa
359 805 533 890 genituram
554 825 663 870 eorum
675 857 684 891 ,
708 810 760 889 qui
781 807 839 872 enh
863 807 1146 872 considerationem
1168 807 1290 888 cadunt,
1315 821 1316 828 ¹

141 919 213 981 tinet
235 916 380 998 assequi,
403 919 437 978 ut
458 914 598 1000 docebo,
623 933 725 997 neque
743 915 963 996 horoscopium
985 913 1112 978 intaltax
1136 921 1199 998 en,
1228 932 1290 978 na·-

141 1043 202 1106 qne
226 1025 333 1088 oriens
355 1023 477 1106 signum
499 1023 574 1100 satis
597 1031 742 1086 accurate
766 1020 1047 1104 comprehenditur.
1092 1022 1158 1096 Oua
1171 1023 1290 1086 ratione

140 1134 234 1214 igitur
266 1133 370 1211 inepta
403 1130 443 1194 sit
471 1128 697 1194 cnunaeorun
732 1147 781 1194 ars
811 1147 894 1194 nono
918 1129 1138 1210 ostendamus.
1196 1127 1291 1212 Igitur

139 1241 316 1324 genituram
341 1252 448 1304 coram
482 1238 534 1318 qui
561 1237 618 1300 sub
648 1237 929 1302 considerationem
957 1236 1072 1302 cadent
1103 1239 1188 1320 priua
1220 1255 1328 1308 ournoo

141 1349 328 1412 definierunt
350 1335 519 1428 quaerere,
543 1353 595 1410 aut
616 1365 634 1409 a
658 1346 784 1411 seminis
808 1345 1007 1427 depositione
1026 1351 1059 1408 et
1081 1346 1288 1427 conceptione

140 1460 270 1539 ducunt,
294 1460 346 1518 aut
373 1473 391 1518 a
418 1462 515 1535 partu.
574 1453 611 1518 Et
640 1453 764 1536 quondo
795 1454 864 1536 quis
895 1471 912 1516 a
935 1453 1144 1535 conceptione
1171 1451 1289 1516 ducere

142 1563 380 1648 periclitabitur,
403 1566 547 1628 accurata
571 1561 680 1626 horum
702 1563 783 1624 ratio
803 1559 1026 1642 comprehendi
1036 1561 1151 1644 nentrit,
1174 1562 1288 1642 quippe
1417 1575 1420 1582 ’

142 1691 212 1736 cam
221 1671 364 1736 celeriter
377 1669 548 1734 uansrotet
558 1677 697 1751 tempus;
712 1675 743 1730 et
758 1667 960 1750 probabiliter
968 1666 1109 1750 quidem
1132 1668 1287 1732 nonenim

143 1779 287 1844 haberem
309 1777 430 1860 dicere,
453 1781 555 1841 utrum
576 1793 637 1842 una
661 1794 730 1840 eum
753 1775 964 1840 traoetrteiune
984 1774 1114 1840 ,seminis
1146 1773 1227 1838 iacta
1250 1776 1288 1838 sit
1297 1791 1328 1844 ιι

143 1883 306 1965 conceptio
335 1897 452 1958 annon.
509 1881 615 1946 Potest
650 1881 731 1946 enim
751 1879 804 1942 vet
824 1887 981 1944 momento
1005 1879 1204 1964 cogitationis
1225 1879 1287 1944 hoc

138 1993 340 2074 contingere,
363 1991 443 2054 sicat
465 1990 556 2054 etiarn
579 1988 680 2054 terina
703 2005 784 2070 aqua
806 1989 935 2054 subacta
957 1987 1137 2056 ardentibus
1159 1988 1308 2054 otthonis·

140 2101 273 2164 immissa
294 2100 395 2164 statim
416 2097 662 2179 conglutinatum
691 2105 795 2179 potest
816 2105 918 2162 autem
948 2097 1039 2162 ettam
1062 2104 1134 2180 post
1154 2103 1285 2179 tempas.

137 2208 245 2288 Spatia
268 2207 351 2269 enim
372 2205 587 2269 intercedente
610 2203 647 2268 oh
670 2222 727 2268 ore
756 2205 838 2269 uteri
860 2215 958 2286 unque
989 2204 1029 2268 ad
1059 2203 1202 2288 tondum,
1235 2204 1287 2268 uhi

139 2322 172 2378 et
194 2316 417 2395 conceptiones
440 2312 508 2376 ficri
531 2313 617 2376 aiunt
634 2311 755 2395 medici,
778 2320 865 2376 certe
887 2314 920 2376 in
942 2311 1044 2396 otioso
1057 2317 1195 2396 tempore
1208 2329 1325 2394 spa-ro

138 2425 209 2488 tium
232 2422 294 2486 hoo
317 2428 483 2504 penetrare
503 2428 748 2486 consentaneum
772 2427 819 2484 est
841 2419 1002 2486 demissam
1025 2429 1164 2484 naturam
1186 2421 1283 2484 mmi-

137 2533 195 2594 uia
240 2531 396 2595 Teneutes
418 2530 513 2610 igitur
534 2530 734 2610 quantitatem
757 2530 905 2610 temporis
924 2527 1006 2594 haud
1023 2536 1167 2592 coeunte
1189 2528 1284 2594 Chal-

138 2637 210 2702 daei
231 2655 385 2720 nunqnam
409 2637 646 2717 conceptionem
670 2634 945 2717 comprehendent
997 2636 1071 2700 Gom
1094 2653 1200 2700 aeman
1223 2636 1284 2700 ati·

138 2745 264 2826 quaudo
286 2751 373 2808 raota
395 2744 549 2808 iuiioiatnr
561 2749 591 2808 et
611 2745 685 2825 ipsis
707 2742 825 2806 incidat
845 2743 935 2806 simul
949 2753 1125 2824 opportune
1148 2742 1187 2807 ad
1202 2761 1283 2806 con-

138 2850 323 2932 ceptionem·
337 2849 525 2930 comparatis
546 2850 624 2912 uteri
647 2845 752 2931 [loeis‚
775 2845 942 2928 aliquando
965 2854 1068 2912 autem
1091 2846 1324 2921 multifariarum

137 2958 300 3024 distantum
320 2955 460 3038 incidat,
481 2955 519 3018 ab
541 2959 609 3038 ipsa
632 2962 735 3018 autem
758 2968 839 3035 quoe
861 2955 893 3018 iu
913 2963 1005 3020 utero
1029 2961 1076 3018 eet
1097 2955 1128 3018 ui
1145 2955 1176 3018 in
1192 2973 1282 3020 uuum
1305 2985 1309 3004 ·

135 3067 238 3130 iocum
266 3062 466 3148 congregari]
505 3065 620 3143 possit:
661 3063 692 3124 in
725 3063 923 3146 ignormione
963 3071 1119 3147 versatur,
1157 3063 1282 3145 mando

136 3173 257 3240 accidat
278 3173 377 3256 prius,
402 3170 527 3252 qnando
549 3169 679 3234 atterum
690 3217 699 3251 ‚
737 3179 769 3234 et
791 3175 937 3252 quantun
968 3172 1115 3252 temporis
1146 3171 1180 3234 in
1202 3169 1281 3234 itiam

134 3281 374 3361 conceptionem
396 3285 611 3361 consumatur,
650 3285 682 3342 et
705 3279 901 3359 quantumin
930 3277 1022 3342 huno.
1070 3279 1154 3342 tinec
1181 3282 1282 3344 antem

136 3405 207 3454 cum
235 3387 437 3471 ignorantur,
469 3385 587 3450 sublata
624 3394 672 3450 cst
700 3392 732 3448 et
759 3391 904 3450 occuram
934 3385 1170 3467 conprehensio
1200 3401 1321 3454 con-80

137 3495 297 3578 ceptionie.
342 3495 394 3559 Sin
416 3512 504 3577 vero,
527 3493 616 3558 sicuti
633 3492 756 3575 quidam
772 3491 969 3574 physicorum
984 3492 1137 3580 dixerunt,
1161 3501 1307 3560 comani

137 3606 221 3686 prius
243 3609 274 3666 et
297 3610 368 3666 anto
391 3608 608 3666 conmutatum
641 3603 671 3666 in
695 3609 783 3666 utero
815 3612 924 3666 seuseu
953 3607 1015 3666 turn
1045 3601 1167 3666 demuto
1184 3602 1283 3668 ,intem

135 3715 167 3777 in
189 3717 328 3775 reserata
354 3712 419 3774 cios
444 3727 532 3794 vasa,
554 3710 643 3773 sicuti
665 3711 697 3772 iu
720 3715 832 3777 terram
856 3708 973 3772 semina
995 3716 1115 3773 terrac:
1138 3708 1210 3774 hinc
1230 3712 1282 3794 qui

134 4038 181 4092 75.
200 4031 403 4106 npoouiner
499 4033 544 4088 76.
567 4033 611 4086 77.
629 4029 712 4087 Uacis
731 4031 837 4087 inclusa
856 4032 982 4104 suppleta
1002 4047 1035 4086 ex
1054 4030 1137 4087 Sexto
1235 4035 1279 4092 tn.

136 4128 294 4200 δυνάμεων·
320 4126 464 4198 ἆγνιιίσιιιιιι
489 4125 519 4178 δι’
537 4125 621 4180 ὄντων
638 4123 698 4180 nin
717 4119 738 4178 C
755 4121 786 4178 M
943 4125 989 4182 80.
1008 4125 1091 4186 πόσος
1107 4127 1143 4186 εἰς
1161 4124 1279 4192 odvp'vC

134 4223 182 4278 81.
200 4215 286 4292 ἦρται]
305 4223 402 4292 oileum
420 4217 520 4273 Sextus
634 4217 680 4270 82.
699 4217 735 4286 ιι]
755 4213 826 4288 yet}
946 4218 1081 4291 ἱψὸμινιν
1100 4217 1215 4274 Seston
1233 4221 1280 4291 tpa-

132 4316 218 4387 patvov
236 4309 258 4368 C
275 4309 305 4368 di
434 4310 480 4366 et.
508 4308 724 4381 προμιιιιριίλὶιν
742 4305 841 4366 Sestos
972 4311 1020 4369 84.
1037 4311 1082 4368 85.
1100 4311 1225 4382 sadduc
1242 4341 1278 4356 -

134 4407 283 4478 σπέρμαιιι]
309 4403 402 4468 Haec,
428 4420 499 4476 quae
527 4419 622 4473 parum
647 4401 681 4455 ad
713 4419 771 4458 rem
797 4403 888 4460 iacere
916 4403 1056 4468 videntur,
1082 4402 1181 4458 omissa
1205 4405 1277 4474 aput

135 4501 249 4558 Sextum
376 4497 422 4554 85.
442 4495 554 4552 coemo
572 4493 686 4550 Sextus:
706 4493 771 4552 idea
789 4493 811 4552 C
828 4494 859 4552 Μ
929 4499 956 4552 ai
972 4495 1021 4568 pari]
1041 4494 1089 4550 oda
1106 4491 1206 4552 Sextus
