3006 4976
580 327 803 386 ttttflnuttcl.
1224 323 1266 388 ⁷7

113 509 156 552 ex
184 488 332 573 19-16,
367 491 495 556 restabit
520 489 551 576 l,
586 494 627 556 ita
658 500 690 554 ut
721 493 862 556 Hectoris
884 493 1016 556 nominis
1038 490 1150 582 londos
1173 492 1210 555 sit
1237 494 1265 560 l.

113 597 236 661 Rursus
261 599 394 662 nominis
417 599 500 682 quod
524 607 572 663 est
594 596 780 683 Πάτροκλος
815 598 900 662 44464
932 605 1004 662 sunt
1025 600 1144 662 numeri
1166 598 1209 661 hi:
1233 599 1264 683 8,
1274 608 1302 660 44

118 701 146 786 l,
169 705 202 789 3,
227 701 255 788 1,
280 705 310 788 7,
333 705 363 788 2,
386 705 417 790 3,
440 708 471 789 7,
497 707 533 784 2;
568 707 691 770 eonllati
715 707 850 770 eliciunt
871 705 1022 770 monades
1045 705 1095 770 34.
1151 707 1265 783 llorum

117 811 205 892 quod
227 811 411 893 relinquitur
433 813 582 877 monades
596 814 632 896 7,
654 814 809 876 tricenarii
833 813 951 876 numeri
974 814 1127 877 ternarius
1140 821 1171 876 et
1184 833 1265 894 qua-

118 919 246 982 ternarii
268 919 335 1000 ipse
357 911 580 1002 quaternarius.
626 921 749 984 Fundus
773 921 865 1003 igilur
886 919 1017 983 Patrocli
1040 922 1171 983 nominis
1194 940 1265 985 mo-

119 1025 218 1090 nades
242 1026 272 1089 7.
318 1028 377 1100 Oui
399 1027 493 1110 igitur
515 1027 684 1091 seeundum
709 1027 906 1090 novenariam
924 1043 1060 1090 normam
1079 1034 1265 1112 computent,

118 1149 234 1196 nonam
258 1141 375 1214 partem
406 1140 528 1198 sumunt
561 1135 628 1198 eius
656 1137 792 1217 numeri,
834 1134 886 1216 qui
917 1152 958 1196 ex
985 1132 1087 1196 lundis
1115 1134 1302 1200 oolleetusto

117 1247 184 1322 est,
218 1247 251 1302 et
272 1239 303 1302 id
326 1240 409 1322 quod
432 1240 570 1304 relictum
594 1249 642 1304 est
662 1259 719 1322 pro
743 1241 933 1304 multitudine
964 1240 1126 1306 lundorum
1150 1259 1264 1304 nume-

118 1355 206 1430 rant,
229 1347 281 1427 qui
304 1352 405 1411 autem
428 1348 597 1412 seeundum
621 1349 825 1430 septenariam
841 1367 990 1433 normam,
1013 1350 1171 1430 septimam
1187 1369 1263 1432 par·-

118 1459 198 1515 tem:
235 1453 331 1517 veluti
358 1461 480 1536 reperta
504 1463 552 1518 est
584 1455 615 1516 in
645 1455 770 1518 nomine
792 1456 922 1520 Patrocli
953 1455 1116 1520 fundorum
1147 1476 1262 1522 summa

117 1559 176 1640 34,
199 1577 281 1642 quae
303 1560 399 1626 divisa
423 1561 453 1623 in
477 1563 624 1643 septimas
646 1569 750 1643 partes
781 1561 875 1624 efficit
902 1569 1061 1647 quattuor,
1095 1580 1157 1644 quo
1192 1563 1263 1626 eili-
1364 1637 1371 1655 ,

117 1667 242 1730 ciuntur
263 1667 322 1744 283
344 1673 464 1731 restent
488 1667 636 1732 monades
659 1685 731 1731 sex:
763 1669 805 1732 ait
828 1667 953 1731 fundum
977 1669 1107 1732 Patrocli
1130 1670 1301 1734 noministe

118 1791 192 1838 esse
214 1777 371 1838 senarium
394 1793 554 1838 nnmerum
587 1775 757 1852 seeundum
792 1775 997 1857 septenariam
1032 1794 1180 1840 normam.
1231 1779 1262 1841 Si

118 1889 223 1944 444444
244 1883 304 1944 erit
324 1878 376 1965 43,
399 1883 513 1962 septies
529 1882 776 1965 sumptumdieit
797 1883 849 1964 42,
873 1882 987 1964 septies
1011 1885 1091 1950 enim
1113 1903 1169 1948 sen
1192 1885 1262 1948 eili-

117 1989 161 2050 eit
182 1987 226 2052 42
248 1996 281 2052 et
301 1997 398 2054 restat
419 2008 522 2056 unum.
567 1990 675 2054 llonas
697 1991 791 2073 igitur
814 1991 918 2054 existit
946 1991 1060 2055 fundus
1083 1988 1201 2057 nume'ri
1219 1991 1262 2056 43

117 2095 289 2160 seeundum
311 2098 517 2179 septenariam
540 2115 689 2162 normam.
734 2097 967 2162 Observandum
983 2106 1083 2162 autem
1107 2107 1170 2183 est,
1194 2118 1262 2162 oum

118 2210 259 2285 sumplus
275 2223 420 2268 numerus
434 2204 548 2268 divisus
571 2204 642 2268 nihil
664 2205 775 2287 reliqui
797 2205 905 2287 444444,
928 2206 1022 2270 veluti
1034 2191 1101 2270 eum
1119 2225 1159 2270 ex
1178 2222 1300 2288 quo-to

118 2314 199 2394 piam
223 2329 354 2376 numero
386 2331 577 2394 componens
610 2312 725 2376 fundos
752 2315 921 2396 invenero,
948 2322 981 2376 44
1009 2313 1151 2394 exemplo
1183 2320 1261 2395 utar,

117 2418 268 2483 monades
292 2417 345 2482 36.
399 2419 550 2484 Numerus
573 2427 675 2484 autem
699 2419 740 2484 36
774 2419 887 2484 divisus
915 2420 946 2483 ln
975 2437 1085 2483 norem
1100 2431 1103 2437 ·
1118 2429 1261 2484 accurate

117 2526 212 2590 efficit
234 2533 379 2608 quattuor
401 2526 575 2610 enneades,
603 2529 711 2592 novies
741 2529 820 2590 enim
856 2534 1001 2610 quattuor
1024 2527 1116 2590 efficit
1138 2527 1179 2592 36
1202 2547 1261 2592 nee

115 2632 284 2714 quidquam
306 2633 416 2714 reliqui
439 2633 480 2696 lit.
524 2635 669 2716 Apertum
693 2634 785 2715 igitur
809 2639 858 2702 est
876 2635 974 2714 ipsum
997 2632 1122 2696 lundam
1147 2651 1217 2696 osse
1230 2634 1260 2700 9.

116 2739 154 2802 Et
177 2739 230 2802 ulti
253 2757 361 2802 rursus
384 2757 544 2803 numerum
568 2740 609 2804 45
634 2739 807 2802 dividentes
819 2739 1009 2820 reperiemus
1025 2757 1183 2802 numerum
1198 2752 1300 2802 no-to

116 2848 275 2910 venerium
300 2845 372 2910 nihil
394 2846 504 2928 reliqui
528 2848 631 2910 lacere
655 2845 781 2928 (etenim
809 2845 922 2932 novies
941 2847 1076 2926 quinque
1100 2844 1195 2907 ellioit
1219 2843 1260 2908 45

116 2971 176 3016 nee
199 2952 362 3036 quidquam
384 2957 508 3037 restat),
540 2953 703 3017 letalibus
728 2951 833 3016 dieunt
855 2951 952 3032 ipsum
975 2953 1176 3015 novenarium
1200 2970 1260 3015 nu-

117 3079 237 3123 merum
261 3079 334 3124 esse
355 3060 492 3125 lundum.
508 3059 520 3069 '
536 3061 574 3124 llt
595 3062 626 3124 in
649 3061 826 3141 septenario
850 3059 983 3139 pariter;
1004 3057 1071 3142 ubi,
1095 3063 1126 3122 ut
1149 3077 1260 3122 exem-

116 3169 196 3249 plum
220 3184 388 3252 ponamus,
411 3185 569 3231 numerum
592 3167 634 3231 26
657 3168 868 3230 innumerum
892 3166 1097 3248 septenarium
1116 3164 1260 3229 dividen-

116 3279 163 3336 tes
186 3272 261 3337 nihil
291 3274 400 3354 reliqui
424 3275 550 3338 iacimus
583 3272 710 3362 (septies
734 3275 814 3338 enim
839 3281 983 3354 quattuor
1006 3272 1099 3336 allicit
1121 3271 1178 3357 26,
1201 3281 1299 3337 neeis

116 3380 281 3462 quidquam
304 3379 515 3464 relinquitur),
539 3380 747 3462 septenarium
771 3380 876 3443 dieunt
898 3376 1034 3445 landum.
1091 3378 1145 3442 llle
1167 3381 1260 3464 igitur

117 3493 189 3550 oum'
207 3493 365 3567 computat
386 3489 509 3550 nomina
533 3493 564 3550 et
582 3488 696 3569 reperit
720 3485 848 3550 eandem
878 3485 1009 3548 litteram
1042 3485 1089 3548 bis
1118 3487 1258 3570 positam,

116 3593 213 3656 semel
235 3610 302 3656 earn
326 3600 497 3678 computat,
519 3594 613 3658 veluti
635 3589 821 3678 Πάτροκλος
843 3608 956 3654 nornen
984 3600 1015 3655 et
1035 3597 1071 3652 π’
1095 3597 1121 3653 ἄ
1143 3592 1259 3657 litteras

116 3699 163 3762 bis
187 3699 279 3763 habet
302 3707 334 3762 et
354 3707 376 3762 6
398 3701 527 3765 litteram
549 3701 613 3779 bis3
636 3699 732 3764 semel
754 3699 849 3782 igitur
862 3704 888 3758 ἄ
911 3704 1096 3784 computant,
1118 3699 1258 3764 semeio.

115 3805 290 3870 6444444444
313 3805 374 3870 lino
404 3808 497 3890 igitur
527 3807 613 3871 lundi
644 3813 751 3872 erunt:
784 3805 814 3890 8,
841 3802 868 3891 l,
892 3805 922 3886 3,
948 3801 976 3890 1,
999 3807 1029 3889 7,
1052 3807 1082 3890 2,
1105 3806 1135 3892 3,
1157 3809 1197 3892 2,
1227 3815 1297 3874 etto

114 3912 239 3976 conlati
262 3911 397 3976 44644444
419 3914 569 3978 monades
592 3913 644 3997 27,
667 3921 699 3976 44
721 3913 779 3975 erit
803 3902 1068 3976 lundus‘nominis
1089 3914 1259 3978 seeundum

114 4007 313 4118 novenariam
336 4037 474 4084 normam
497 4023 564 4102 ipse
578 4021 766 4086 novenarius
788 4037 942 4103 numerus,
966 4020 1135 4092 seeundum
1150 4032 1258 4104 septe-

112 4191 176 4254 aete
193 4188 216 4246 C
233 4189 263 4247 ll
377 4193 422 4247 45.
441 4191 595 4266 adpimrmC
710 4195 755 4249 46.
783 4189 862 4249 Haeo
878 4193 958 4250 valde
979 4193 1086 4250 turbata
1105 4205 1177 4250 sunt.
1215 4192 1257 4248 Ex

113 4285 219 4340 calculo
236 4271 341 4355 legana:
370 4289 436 4340 Olor
461 4286 488 4340 τὸ
512 4289 668 4358 llo'rrpoxloc'
689 4287 778 4360 ὄνομα
802 4287 829 4340 td
850 4287 871 4340 'o'
889 4288 932 4348 dte
948 4289 1016 4360 ἔχει·
1036 4285 1109 4348 ἅπαξ
1127 4279 1176 4340 οὖν
1192 4285 1259 4338 ιόῖ

112 4379 266 4446 milecot-
301 4377 367 4430 xmo}
383 4378 499 4432 morou.
519 4375 643 4432 4414
670 4395 705 4434 tu
725 4379 779 4433 iate
797 4377 989 4450 Iloendrpottloc
1007 4373 1115 4432 voluit?
1182 4379 1183 4384 ’
1210 4377 1255 4431 49.

110 4469 229 4542 persides
246 4463 277 4522 G.
368 4469 414 4526 ol.
428 4471 553 4544 Ὁμοίως]
573 4469 607 4525 44
628 4468 696 4536 4ξῦ
