3002 4958
554 305 787 367 rtsnteottle.
1201 298 1240 364 lb

101 471 281 552 gignentium
305 471 447 550 genitura
471 473 586 552 oritur,
609 479 742 554 septem:
765 491 923 553 uumerus,
946 489 1064 553 monus,
1086 471 1234 554 potentia,

102 579 204 662 cubus,
227 577 521 661 dyrramodyuamis,
545 579 791 662 dynamecubus,
815 578 1003 642 cubocubus.

179 685 233 748 llic
255 686 348 748 etiam
372 687 501 748 aninam
524 687 725 750 immortalem
748 687 853 750 docuit
875 693 905 748 et
927 687 1140 768 migrationem
1164 684 1234 746 ani-

103 811 219 858 marum.
265 794 462 874 Quapropter
485 792 562 858 dixit
584 801 776 860 semetante
800 793 930 856 Troiana
953 801 1089 872 tempora
1109 789 1232 855 Aetba-
1246 805 1275 852 oo

102 898 184 962 tidanr
206 900 362 982 extitisse,
391 899 531 962 Troianis
555 906 656 962 autem
690 900 882 982 temporibus
904 898 1111 980 Euphorbum,
1144 903 1234 977 post-

101 1005 153 1068 bac
173 1013 273 1070 autem
298 1007 691 1090 Hermotimumsamium,
719 1015 790 1088 post
820 1025 910 1086 quent
939 1005 1086 1088 Pyrrhum
1108 1004 1235 1086 Delium,

102 1115 228 1193 mictum
251 1114 468 1196 Pythagoram.
514 1115 668 1178 Diodorus
691 1123 791 1178 nutem
815 1114 1000 1176 Eretriensis
1024 1118 1054 1176 ot
1068 1111 1235 1176 Aristoxe-

101 1239 151 1284 nus
172 1224 304 1284 mnsicus
324 1220 429 1283 dicunt
452 1222 489 1284 nd
514 1221 651 1284 Zaratum
676 1220 860 1285 Gbaldaeum
883 1220 1008 1286 venisse
1022 1217 1235 1300 Pythagoram,

101 1327 174 1390 illum
196 1336 298 1392 autem
322 1329 505 1408 exposuisse
527 1327 655 1396 eiduas
678 1347 748 1392 esse
778 1345 795 1388 a
823 1329 971 1408 principio
994 1345 1104 1390 causas
1123 1343 1273 1406 remmon

102 1441 207 1514 patrem
230 1443 262 1498 ct
283 1441 430 1517 matrem,
462 1441 494 1496 et
527 1442 644 1515 patrem
677 1435 798 1514 quidem
830 1434 945 1514 lucem,
976 1442 1103 1498 matrem
1134 1441 1235 1496 autem

102 1543 252 1624 tenebras,
289 1542 369 1606 lucis
405 1549 505 1604 antem
536 1549 640 1621 partes
672 1540 817 1624 calidum,
854 1540 988 1622 aridum,
1019 1540 1104 1620 lere,
1135 1541 1236 1619 citum,

103 1649 289 1712 tenebrarum
315 1651 420 1712 autem'
439 1648 598 1730 trigidum,
622 1647 794 1728 humidum,
817 1663 928 1728 grave,
960 1645 1094 1721 tardum;
1127 1661 1167 1708 ex
1190 1644 1236 1708 bis

102 1761 192 1816 autem
215 1773 340 1819 omnem
362 1753 504 1818 mnndum
529 1760 689 1832 constare,
712 1751 1115 1815 exlerrdniuoetmasculo.
1159 1749 1237 1812 Esse
1303 1763 1340 1779 ’-

105 1869 193 1923 autem
218 1861 365 1925 mnndum
390 1861 427 1922 ad
453 1868 593 1923 naturam
625 1877 710 1923 suem
743 1860 1121 1942 musicumcon‘ccntum,
1155 1841 1274 1939 qun-os

105 1975 218 2048 propter
242 1972 335 2032 etiam
360 1968 456 2030 solem
480 1967 584 2031 iacere
608 1971 767 2030 circuitum
797 1986 853 2048 per
875 1974 1069 2030 concentum.
1125 1967 1172 2028 De
1198 1967 1236 2028 iis

105 2082 194 2138 autem
216 2095 297 2156 quae
322 2092 361 2138 ex
384 2081 468 2138 terra
491 2074 657 2138 aimundo
682 2076 815 2144 existunt
838 2073 916 2138 baec
939 2076 1023 2139 aiunt
1046 2073 1151 2138 dicere
1172 2073 1236 2138 Za·

104 2187 199 2246 ratam.
249 2183 339 2245 Duos
368 2173 480 2264 genios
510 2197 595 2259 esse,
631 2181 758 2246 alterum
788 2180 968 2264 caelestem,
1007 2182 1134 2244 ultorum
1164 2188 1237 2242 ter-

105 2297 235 2372 restrem,
258 2296 290 2350 et
315 2295 492 2353 terrestrem
517 2289 638 2368 quidem
655 2288 832 2352 submittere
848 2290 1080 2372 generationem
1093 2294 1237 2372 exterra,

106 2409 168 2456 esse
194 2403 295 2486 autem
327 2412 454 2477 equam,
488 2393 654 2458 caelestem
684 2402 783 2459 eutem
818 2413 888 2462 osse
919 2397 1024 2479 ignem
1058 2397 1275 2477 participemuo

106 2501 193 2583 reru,
214 2501 349 2566 calidum
374 2499 492 2584 trigidi3
516 2519 611 2582 quare
635 2502 725 2565 etium
750 2502 859 2564 borum
883 2500 955 2564 nibil
977 2503 1154 2566 interimere
1178 2521 1236 2564 nec

106 2607 246 2672 maculam
270 2610 315 2674 ait
337 2608 483 2685 animam
506 2615 577 2670 suut
599 2611 680 2672 enim
703 2606 782 2672 baeo
804 2609 973 2672 substantia
987 2610 1132 2671 omnium.
1176 2608 1238 2670 ta-

106 2709 263 2778 bisantem
287 2714 401 2778 dicitur
422 2705 530 2776 vetare
553 2716 637 2776 vesci
669 2721 834 2796 propterea
859 2713 943 2794 quod
965 2701 1090 2778 'Zaratas
1126 2712 1239 2775 dixerit

105 2817 129 2878 in
151 2821 233 2885 initio
256 2828 290 2885 et
313 2821 517 2884 concretione
540 2821 684 2904 omnium,
707 2840 775 2884 cum
799 2827 882 2885 terra
893 2823 1048 2887 etiamtum
1066 2821 1239 2883 concinna·

108 2931 182 2988 retur
204 2935 234 2990 ct
257 2935 536 3011 computresceret,
561 2936 662 2992 ortam
682 2945 753 2992 esse
776 2928 885 2992 labam.
938 2929 1033 2992 liuius
1064 2933 1164 2992 eutem
1193 2927 1278 2989 reite

107 3031 312 3099 documentum
337 3053 407 3100 esse
429 3035 488 3117 ait,
508 3036 535 3098 si
558 3035 626 3117 quis
649 3037 791 3100 nudatam
813 3036 930 3116 siliquis
954 3035 1055 3102 lebam
1067 3034 1239 3099 manduca-

106 3143 174 3202 verit
194 3149 224 3204 ct
246 3143 426 3224 deposuerit
449 3141 598 3206 aduersus
622 3143 718 3206 solem
747 3161 803 3223 per
832 3149 953 3224 tempus
987 3142 1027 3225 (id
1059 3143 1139 3206 enim
1167 3141 1239 3205 ilico

105 3245 222 3331 iuvabit)
261 3248 376 3312 ademe
416 3246 540 3310 bumani
573 3250 698 3312 seminis
740 3247 878 3314 odorem.
956 3249 1100 3330 Apertius
1138 3255 1239 3312 eutem
1332 3255 1335 3262 ’

107 3354 187 3416 atium
209 3354 336 3418 alterurn
360 3355 402 3418 ait
424 3355 641 3421 documentum
664 3373 751 3435 esec,
781 3358 807 3420 si
828 3355 1044 3421 florescentem
1067 3357 1240 3437 decerpse-

107 3459 191 3524 rimus
213 3461 314 3526 iabam
337 3461 508 3542 lloremque
539 3463 606 3526 eius
639 3480 768 3542 eamque
791 3461 1025 3544 deposuerimus
1056 3465 1087 3526 in
1120 3461 1180 3525 olla
1211 3468 1284 3526 etad
1407 3485 1412 3492 ·

108 3561 177 3628 banc
200 3569 396 3632 circumlitam
417 3571 449 3630 in
473 3575 554 3631 terra
577 3568 788 3633 detoderimus
811 3576 842 3632 et
865 3588 980 3650 paucos
1004 3574 1074 3650 post
1096 3568 1162 3632 dies
1184 3584 1240 3630 re·

109 3673 278 3757 texerimus,
302 3674 472 3738 ridebimus
496 3693 564 3736 eam
588 3677 722 3758 speciem
744 3675 896 3755 praebere
918 3677 1045 3756 primum
1068 3673 1191 3754 quidem
1209 3679 1242 3738 ut

110 3775 273 3852 pudendum
302 3779 468 3861 muliebre,
507 3779 637 3866 posthae
674 3788 776 3844 autem
811 3782 984 3846 accuratius
1015 3779 1241 3846 consideratam

111 3881 222 3952 tutantia
244 3896 336 3971 capnt
358 3905 470 3951 recens
494 3895 683 3950 concretum.
729 3887 786 3952 llic
802 3887 940 3954 crotone
962 3887 1066 3951 ltaliae
1088 3904 1149 3952 una
1173 3905 1240 3952 cum

112 3987 254 4074 deotpato
276 3996 341 4078 igni
364 4001 580 4060 concrematus
603 3994 704 4074 periit.
758 3994 929 4058 institutum
962 4002 1063 4060 autem
1091 3992 1152 4058 boc
1175 3998 1281 4058 eraten

111 4097 180 4174 apud
202 4119 288 4185 eum,
323 4101 422 4168 sicubi
455 4101 492 4163 ed
517 4118 586 4162 cum
620 4119 654 4164 ae
685 4100 868 4165 conterebat
901 4102 1049 4182 quispiam
1083 4100 1241 4180 disciplina

38 4283 42 4296 '
112 4267 196 4338 ”18⁰2
216 4275 296 4344 φησὶν
311 4274 359 4328 καὶ
375 4271 398 4326 L
416 4269 461 4327 Me
493 4273 538 4339 τὴν
554 4273 657 4346 κόσμου
675 4272 760 4342 φύσιν
778 4273 824 4328 xci
842 4271 987 4344 ttooperur
1136 4269 1180 4322 69.
1199 4265 1245 4320 rab

113 4365 206 4432 toppo&
228 4363 385 4438 Rnepertu:
412 4365 459 4420 arci
485 4365 592 4436 ψυχρόν
615 4363 711 4434 nither
736 4365 841 4437 r‘aypoail
968 4363 1075 4433 dempti
1099 4357 1245 4428 Rceperul

114 4447 151 4502 7⁶·
169 4459 324 4530 προσφέρειν
341 4456 381 4514 T:
400 4457 545 4526 upnngipu
561 4455 643 4525 rulgo
