3052 4984
635 331 796 392 uinctott.
1241 330 1305 397 393

159 502 229 560 som
250 496 417 583 amicitiae,
440 499 560 582 sibique
583 500 639 582 ipsi
664 517 831 584 arrogare,
862 495 1022 563 amicitiam
1054 506 1154 564 antem
1184 521 1308 588 semper

161 611 194 667 et
215 612 382 691 perpetuo,
413 623 481 671 cnm
511 606 593 670 bone
625 605 775 689 quaedem
808 608 847 670 sit
880 612 911 669 et
939 605 1046 669 anitati
1076 610 1230 698 consulat,
1258 633 1305 699 ea,

161 727 240 791 quae
265 712 416 777 abstracta
441 715 501 778 sint
525 715 561 777 ab
586 714 732 778 universo
756 721 788 776 et
810 713 945 777 cruciats
970 718 1001 774 et
1029 717 1131 795 punita
1156 719 1186 780 in
1212 731 1329 784 crea-n

160 818 247 880 tione
284 837 303 882 a
338 819 515 907 demiurgo,
549 839 701 886 revocare
739 820 777 886 ad
811 839 846 884 se
883 825 915 884 et
947 817 1105 884 adducere
1148 833 1178 888 et
1211 845 1305 891 unam

161 923 306 990 reddere.
364 928 445 992 Talis
467 929 618 1010 quaedem
649 926 819 992 secundum
847 925 1062 1008 Empedoclem
1091 931 1180 994 nobis
1204 933 1306 997 mundi

162 1035 323 1114 generatio
362 1043 394 1099 et
430 1038 583 1119 pernicies
617 1044 649 1101 et
687 1035 823 1101 conditio
854 1053 894 1097 ex
927 1033 1011 1098 bono
1052 1044 1080 1098 et
1114 1037 1194 1104 mala
1226 1059 1307 1105 oon-

160 1145 244 1202 stans
274 1140 447 1207 exhibetur.
503 1143 580 1207 Esse
616 1149 717 1208 autom
748 1144 790 1206 ait
816 1147 847 1204 et
880 1142 997 1206 tertiam
1032 1143 1183 1224 quandam
1214 1147 1307 1213 intel-

158 1243 306 1328 ligibilom
329 1254 530 1332 potestatem,
554 1267 643 1332 quam
668 1251 758 1314 etiam
782 1269 822 1314 ex
844 1249 891 1313 his
914 1249 1101 1337 subintelligi
1124 1271 1237 1340 posse,
1260 1254 1345 1320 histo

159 1349 225 1416 lere
247 1353 349 1418 verbis
372 1373 463 1419 usas:

202 1459 281 1524 Nom
300 1462 329 1523 si
349 1480 388 1524 ea
410 1463 513 1527 ἀςπιίτ
532 1464 728 1547 praecordiis
748 1462 912 1527 substratis

202 1566 348 1631 benevole
366 1571 456 1651 puris
478 1571 658 1636 observabis
676 1571 932 1648 meditationibus,

202 1676 410 1740 octocenti
432 1679 523 1742 oolde
545 1679 639 1741 multo
658 1697 717 1760 per·
738 1697 847 1741 αοοιιοτ
866 1686 991 1759 praesto
1013 1686 1112 1758 munt,

203 1784 311 1846 ctolia
331 1785 427 1847 moda
444 1785 484 1846 ob
500 1785 584 1848 bisce
603 1793 673 1848 orto
691 1785 900 1859 descendnat;
919 1793 1027 1865 sponte
1045 1788 1124 1850 emim
1140 1798 1345 1870 reposcentis

201 1887 279 1952 boec
295 1891 329 1954 in
340 1893 529 1973 peculiarem
544 1892 684 1970 indolem,
705 1893 900 1973 proclinata
916 1900 964 1955 cst
975 1903 1089 1956 notura
1109 1895 1306 1976 siapntorum.

203 1997 261 2060 Sin
284 2016 359 2062 cero
382 2007 414 2062 tu
436 1999 562 2064 diversa
582 2001 663 2062 inter
683 2017 718 2061 se
739 1999 919 2078 conaberis,
949 2001 1055 2082 puelia
1086 2021 1145 2082 per
1172 2003 1308 2066 domines

203 2115 348 2169 secccnta
369 2109 484 2171 mismo
505 2107 598 2170 odaia
618 2113 702 2184 sant,
734 2125 812 2189 pace
835 2106 1004 2170 obtundunt
1024 2127 1127 2186 curas,

200 2211 343 2293 profecto
366 2222 396 2277 te
418 2216 479 2277 cito
502 2214 643 2294 deficient
662 2213 852 2278 vertentibus
874 2215 972 2294 oanis

203 2339 291 2385 ιιιοοι
313 2324 448 2404 ipsorum
470 2323 718 2403 concupiscentia
739 2340 845 2384 coram
868 2323 911 2383 ad
929 2327 1049 2403 pentem
1070 2322 1183 2386 redire
1316 2335 1345 2384 co

204 2427 316 2492 Omnia
339 2431 420 2493 caim
441 2431 519 2492 scito
540 2449 662 2492 amnem
681 2429 796 2493 babere
818 2437 848 2492 ct
867 2438 980 2493 sortem
1000 2430 1180 2492 intellectas.

249 2533 301 2600 30.
354 2537 484 2611 Quando
523 2538 616 2620 igitur
649 2535 787 2599 Marcion
820 2536 869 2598 vel
904 2537 971 2618 quis
1004 2554 1045 2598 ex
1078 2534 1204 2600 canibus
1241 2535 1307 2596 eius

161 2641 282 2709 allatret
317 2643 526 2726 demiurgum,
559 2641 630 2705 dum
661 2642 779 2723 profert
809 2661 850 2706 ox
878 2642 1141 2724 contrapositione
1171 2640 1244 2703 boni
1277 2647 1308 2703 et

160 2748 229 2811 moli
248 2749 400 2834 rationes,
424 2756 547 2831 oportet
569 2751 605 2813 iis
631 2748 752 2832 dicere,
786 2748 864 2812 haec
892 2765 994 2828 neque
1023 2748 1147 2812 Paulum
1176 2755 1307 2829 aposto-

159 2853 237 2938 lum,
271 2873 373 2938 neque
407 2857 545 2921 llarcom
579 2855 681 2940 digitis
717 2855 882 2919 mutilatum
921 2855 1153 2920 renunciavisse
1186 2853 1343 2939 (borumtt

159 3037 184 3074 a.
207 3020 286 3075 1862.
304 3017 352 3074 lv.
372 3037 399 3092 p.
418 3021 481 3077 376.
499 3038 540 3076 τι.
559 3021 613 3076 227
632 3040 706 3096 cqups

276 3114 301 3167 al
316 3112 346 3167 di
364 3113 425 3186 σύγ’
447 3113 562 3168 ἀλλοίων
579 3117 715 3187 trepidans
733 3117 779 3169 oin
797 3113 855 3169 κατ’
876 3113 979 3186 ἄνδρας

273 3204 361 3273 μυρία
378 3202 453 3256 δεινὰ
470 3203 542 3256 πέλει
558 3202 588 3256 ssi
606 3202 629 3256 s'
649 3203 855 3275 ἀπαμβλύνουσι
869 3206 1002 3278 μέριμναι

270 3287 329 3361 ipa'
350 3293 428 3368 ἄφαρ
454 3297 616 3364 iniuideam,

159 3382 349 3460 Roaperns
385 3405 425 3442 ra.
452 3388 515 3443 223.
551 3388 627 3443 malit
660 3390 807 3463 ἐμμενέως,
847 3405 886 3446 τι.
917 3389 981 3445 228.
1017 3391 1140 3457 πέλοντο,
1170 3405 1210 3444 ss.
1243 3389 1307 3446 tol.

159 3478 302 3553 γνώματος
327 3481 409 3536 alcas
437 3481 500 3536 coll.
530 3479 613 3552 Diog.
644 3478 733 3536 [οὔτι.
758 3479 813 3548 tlt,
841 3482 888 3546 16,
916 3479 1088 3553 Berginius
1126 3483 1163 3556 (ia
1190 3498 1307 3538 censura

160 3571 203 3626 ed.
230 3569 389 3629 Stelaiaase
408 3573 437 3628 iu
454 3575 547 3628 Jainii
563 3594 620 3628 nac.
648 3575 787 3629 candidus
803 3577 890 3646 pbiial.
910 3591 935 3631 a.
957 3575 1035 3632 1853.
1060 3593 1087 3646 p.
1105 3575 1152 3648 26)
1177 3592 1216 3630 τι.
1242 3576 1306 3630 221.

158 3664 236 3720 mira
254 3665 298 3729 di,
330 3683 369 3720 ss.
393 3665 457 3720 226.
484 3666 565 3720 τῶνδε
596 3666 739 3734 sumptos,
763 3683 803 3720 vs.
836 3667 900 3723 227.
930 3665 952 3720 τ’
974 3667 1029 3722 ἄλλ’
1061 3666 1127 3721 ὀΐων
1150 3668 1308 3741 ἐπιδέρκιαι,

156 3774 196 3812 ss.
210 3757 274 3813 228.
292 3755 373 3831 prop?
393 3758 467 3826 ἄδηλ’
480 3761 597 3832 dumam,
610 3777 650 3814 ra.
664 3759 726 3814 229.
741 3753 792 3826 ipc'
806 3759 883 3832 ἄφαρ
901 3768 931 3814 ut
944 3757 1101 3815 Meinakius
1155 3762 1196 3816 11.
1209 3761 1257 3815 sci
1267 3759 1306 3837 ir]

158 3866 291 3922 nonasp.
308 3849 431 3906 etiamid
507 3848 679 3927 σφαδίνησον]
693 3851 861 3926 σφαδανῇοον
881 3852 955 3906 cani.
968 3849 996 3906 bl
1089 3852 1130 3907 ib.
1149 3849 1306 3930 ἱποιττειῖιις]

155 3941 298 4015 ιποππύῃς
315 3958 381 4015 susp
396 3941 427 3998 ll
501 3943 545 3998 16.
563 3939 789 4019 μά1α]μᾶ).λα1]
882 3943 924 3998 17.
938 3941 1004 4014 ch.
1015 3946 1174 4017 κατέρχεται.
1194 3942 1308 4000 Termi-

160 4033 281 4088 nationis
305 4034 420 4105 vestigia
446 4045 603 4108 supersunt.
623 4034 665 4090 ld:
685 4034 837 4110 surdastrae
857 4034 1306 4104 8ο11ιιοίι1οτιίαατΡ1ῑ1ι1.Χ,364

159 4125 243 4196 αὔξει]
262 4125 316 4194 ἥξει
333 4127 406 4183 coni.
427 4125 456 4182 11
538 4130 580 4184 18.
604 4127 677 4206 ἔθος]
697 4125 763 4195 ἦθος
782 4132 853 4186 coni.
874 4130 957 4185 etism
974 4129 1004 4186 M
1084 4130 1130 4185 21.
1149 4133 1308 4204 περιπλομέ-

157 4215 255 4282 νοιςῦ
406 4221 452 4275 22.
476 4218 585 4292 Corrig.
610 4223 666 4277 sive
686 4225 785 4295 γένναν
803 4224 860 4278 sire
879 4228 971 4296 γαῖαν.
989 4221 1019 4278 Μ
1168 4223 1213 4277 2³.
1238 4243 1309 4296 γνω-

155 4313 310 4383 ματοσιοον]
326 4309 472 4385 γνώματος
489 4313 565 4385 topia
584 4314 656 4368 cani.
676 4311 714 4368 Μ.
752 4312 794 4369 Gi.
815 4311 891 4370 Sext.
910 4312 991 4386 Emp.
1017 4317 1073 4368 acic.
1103 4317 1181 4368 moti.
1199 4315 1226 4380 8,
1244 4315 1308 4380 286,

158 4402 233 4458 unde
251 4419 317 4457 vera
336 4403 473 4476 scriptura
492 4405 616 4480 νώματος
634 4409 716 4461 alcas
733 4407 818 4479 petita
839 4415 894 4472 eat,
913 4423 995 4479 quom
1013 4405 1094 4459 etiam
1112 4422 1195 4478 supra
1209 4425 1236 4478 p.
1244 4409 1307 4472 216,

157 4497 193 4552 66
212 4495 383 4552 restituimus
477 4499 523 4554 26.
541 4499 636 4571 sasai]
655 4500 738 4554 sciui
757 4495 820 4554 CM
926 4499 972 4552 27.
990 4493 1308 4570 sciapodismtacllipi-
