3050 4988
590 315 594 322 '
634 329 783 390 sancus.
1222 319 1282 384 301

228 490 280 556 41.
325 492 409 558 l'alia
432 512 508 558 vero
532 500 563 559 et
588 495 646 560 alia
666 499 838 563 conabatur
859 496 1077 580 praestigiator
1099 494 1150 558 ille
1174 493 1287 575 lacere,

143 609 328 684 quapropter
349 603 380 666 in
404 619 511 666 eorum
533 621 612 686 quos
630 605 752 687 decepit
767 600 966 667 admiratione
984 609 1060 686 erut,
1075 608 1105 665 et
1123 600 1287 684 aliquando

142 710 209 790 ipsa
231 707 413 774 credebatur
436 710 608 795 vaticinari,
631 711 794 793 aliquando
817 718 919 774 autem
944 717 975 772 et
998 708 1075 774 ulios
1098 708 1285 790 instituebat,

145 833 214 879 cum
236 823 299 880 tum
322 835 379 899 per
402 815 570 883 daemones
595 817 672 882 baec
695 817 881 901 peragebat,
908 824 970 880 tum
1000 835 1075 878 vero
1101 823 1133 878 et
1154 816 1328 897 praesti-to

145 923 221 1006 giis,
244 929 277 988 ut
299 922 517 1005 praediximus.
562 924 672 988 llultos
695 927 803 1008 igitur,
825 941 902 1005 quos
916 926 1093 1006 deceperat,
1115 921 1288 1004 multosque

145 1033 198 1111 qui
219 1032 298 1095 tales
321 1030 461 1114 discipuli
482 1033 549 1096 eius
573 1034 753 1116 extiterunt,
781 1031 985 1115 promovebat
1010 1048 1127 1113 pronos
1155 1047 1226 1092 esse
1249 1029 1286 1090 ad

144 1140 334 1221 peccandum
357 1140 509 1223 edocens,
531 1141 680 1206 immunes
703 1148 804 1204 autem
828 1139 975 1222 periculi,
1005 1140 1076 1219 quia
1097 1136 1288 1219 profiteren-

143 1252 192 1308 tur
213 1247 383 1329 perlectam
405 1247 546 1312 virtutem
577 1254 608 1311 at
638 1249 803 1331 participes
841 1253 948 1310 essent
970 1242 1287 1326 incomprehensibilis

143 1356 314 1437 potestatis.
368 1355 485 1430 Quibus
512 1356 604 1418 etiam
629 1363 701 1437 post
732 1356 912 1438 baptismum
940 1353 1066 1418 alterum
1095 1353 1327 1436 pollicentur,ou

143 1480 233 1544 quam
262 1467 375 1528 vocant
407 1461 681 1547 Redemptionem,
714 1472 746 1528 et
778 1464 808 1527 in
848 1463 908 1526 buc
947 1463 1025 1527 male
1055 1468 1289 1542 corrumpentes

145 1587 218 1654 cos,
241 1571 293 1651 qui
315 1569 395 1651 apud
420 1587 456 1633 se
478 1577 695 1634 remanserunt
716 1589 773 1654 spe
796 1571 1040 1654 Redemptionis,
1069 1578 1212 1652 tanquam
1236 1569 1288 1650 qui

146 1678 242 1742 semel
264 1677 410 1759 baptizati
431 1678 462 1741 in
485 1685 646 1760 peccatum
668 1679 782 1760 relapsi
804 1679 907 1743 denuo
931 1678 1051 1761 possint
1073 1677 1204 1742 absolvi:
1236 1675 1289 1740 tali

144 1785 254 1850 fraude
279 1785 409 1849 attinere
431 1783 574 1849 videntur
606 1785 763 1850 auditores
793 1804 882 1870 suos,
914 1803 992 1867 quos
1021 1786 1071 1849 ubi
1103 1785 1289 1850 arbitrantur

143 1894 291 1975 probatos
313 1911 384 1957 esse
405 1910 561 1974 posseque
586 1895 660 1975 ipsis
682 1913 795 1958 arcana
818 1911 873 1958 sua
896 1893 1062 1977 custodire,
1085 1900 1148 1956 tum
1170 1911 1210 1957 eo
1231 1894 1327 1960 ad·to

146 2000 277 2085 ducunt,
313 2008 346 2064 et
374 2019 415 2065 ne
438 2001 469 2064 in
490 2018 530 2065 eo
562 2000 684 2083 quidem
715 2002 967 2086 acquiescentes,
1000 2000 1055 2064 sed
1084 2003 1175 2064 etiam
1206 1997 1287 2063 alind

146 2108 291 2193 quiddam
314 2108 495 2190 pollicentes
522 2108 559 2172 ad
582 2107 651 2172 illos
673 2127 729 2190 spe
758 2107 955 2194 mulcendas,
983 2115 1015 2172 ut
1045 2107 1077 2171 in
1107 2113 1288 2190 perpetuum

147 2218 330 2280 vinciantur.
374 2215 554 2298 Loqunntur
577 2216 656 2280 enim
680 2215 793 2298 aliquid
823 2233 900 2280 voce
931 2234 1043 2280 arcana
1071 2234 1162 2279 manu
1185 2216 1289 2297 impo-

145 2323 203 2386 sita
227 2323 256 2386 ei
284 2323 336 2404 qui
366 2321 620 2404 Redemptionem
644 2325 779 2409 accepit,
803 2323 885 2407 quod
908 2326 993 2388 aiunt
1014 2341 1049 2388 se
1069 2323 1161 2388 lacile
1185 2323 1288 2405 eloqui

149 2449 209 2494 non
234 2447 346 2514 posse,
374 2429 433 2494 nisi
455 2431 482 2493 si
504 2431 572 2511 qais
594 2431 633 2494 sit
656 2431 865 2512 maximopere
887 2432 1051 2516 probatus,
1081 2439 1133 2496 ant
1164 2431 1327 2512 quandoto

147 2540 304 2622 moriatur,
326 2538 357 2600 in
381 2555 486 2602 aurern
513 2539 688 2602 insusurret
711 2540 885 2622 episcopus.
929 2539 968 2604 Et
996 2537 1075 2602 baec
1102 2557 1177 2603 vero
1205 2538 1289 2602 lraus

148 2663 186 2710 eo
209 2653 341 2729 spectat,
378 2652 410 2709 nt
439 2653 590 2728 perpetuo
623 2655 805 2711 remaneant
837 2646 975 2728 discipuli
999 2645 1078 2728 apud
1104 2647 1292 2728 episcopum,

149 2761 277 2818 aventes
300 2753 438 2838 discere,
461 2755 531 2835 quid
554 2755 676 2818 tandem
699 2755 738 2816 sit
759 2751 833 2817 illud
856 2752 938 2836 quod
963 2754 994 2816 in
1017 2761 1158 2818 extremo
1173 2753 1291 2836 proda-

146 2868 210 2947 tur,
233 2881 293 2943 quo
315 2865 464 2944 percepto
487 2861 517 2922 in
541 2860 681 2924 ordinem
704 2858 1086 2942 perlectorumevebatur
1115 2858 1289 2942 discipulus.

150 2969 236 3044 Quae
258 2987 325 3032 eam
349 2968 388 3030 ob
411 2985 535 3031 causam
558 2969 692 3051 tramisi,
721 2985 761 3030 ne
790 2969 858 3048 quis
887 2986 936 3031 me
958 2968 1016 3032 illis
1038 2967 1213 3032 obtrectare
1237 2973 1328 3030 σιτ-40

145 3074 288 3153 bitretur;
318 3073 431 3138 etenim
460 3091 523 3137 non
553 3074 612 3138 boc
642 3074 731 3138 nobis
759 3075 950 3157 propositum
981 3083 1043 3157 est,
1077 3082 1291 3158 praeterquam

148 3181 333 3265 ostendere,
362 3179 444 3244 unde
463 3180 598 3263 proiecti
620 3182 732 3264 placita
754 3199 810 3245 sua
834 3180 1040 3246 condiderint.

234 3286 286 3352 42.
330 3287 449 3351 Etenim
473 3295 505 3350 et
534 3288 642 3352 beatus
665 3287 827 3372 presbyter
855 3289 1001 3352 irenaeus
1035 3289 1162 3352 liberius
1197 3306 1292 3352 coer-

147 3413 250 3481 guere
266 3393 334 3458 illos
357 3411 525 3478 aggressus
547 3396 624 3458 tales
647 3394 816 3459 lavationes
840 3403 873 3458 et
893 3395 1125 3477 redemptiones
1139 3397 1292 3478 exposuit,

146 3503 244 3587 magis
275 3503 401 3567 strictim
432 3501 571 3565 elocutus
601 3520 681 3583 quae
711 3509 845 3585 patrant,
874 3503 984 3588 quibus
1015 3522 1084 3568 cum
1113 3503 1329 3567 incidissenttt

146 3609 286 3673 nonnulli
316 3626 439 3691 eorum,
471 3608 590 3672 infitiati
621 3617 692 3674 sunt
717 3611 758 3674 ita
786 3629 857 3674 sese
888 3614 1064 3695 recepisse,
1096 3612 1209 3694 quippe
1239 3613 1289 3693 qui

145 3733 269 3798 semper
292 3714 462 3778 doceantur
483 3716 612 3780 infitiari.
664 3716 868 3792 Quamobrem
892 3718 982 3782 nubis
1004 3718 1114 3783 oborta
1138 3726 1185 3782 est
1217 3737 1291 3782 cura

147 3823 322 3887 accuratius
345 3821 551 3904 investigandi
588 3829 620 3885 et
652 3825 820 3908 indagandi
857 3827 1048 3910 singulatim,
1081 3845 1160 3907 quae
1197 3833 1228 3890 et
1259 3828 1291 3890 in

60 3953 65 3965 ·
145 3932 244 4012 primo
267 3928 391 3992 lavacro
416 3928 553 4010 tradunt,
585 3930 667 4011 quod
690 3933 731 3995 ita
755 3933 922 4018 appellant,
946 3940 978 3997 et
998 3935 1029 3996 in
1058 3933 1173 4016 altero,
1206 3935 1290 4017 quod

149 4036 403 4119 Redemptionem
427 4045 550 4101 vocant.
605 4035 667 4100 Sed
698 4057 739 4101 na
761 4047 916 4104 secretum
940 4040 1064 4122 quidem
1096 4059 1202 4105 eorum
1231 4049 1330 4105 noeto

150 4144 239 4228 fugit.
282 4145 366 4209 llaec
389 4150 491 4208 autem
514 4161 666 4208 concessa
689 4155 779 4212 sunto
803 4147 965 4212 Valentino
992 4150 1121 4230 eiusque
1153 4148 1290 4212 asseclis.

148 4301 193 4356 89.
215 4301 259 4354 99.
278 4297 528 4372 lnoyyeio'ptarotC
620 4301 665 4355 96.
683 4303 735 4354 τῶν
753 4300 815 4355 add.
834 4299 864 4354 lt
961 4303 1006 4358 98.
1031 4295 1290 4364 κσνσηθείζεσθανῦ

151 4393 176 4449 1.
195 4390 379 4458 συνεστήσαντο
397 4407 472 4462 susp.
493 4388 639 4462 Roeperna
711 4393 737 4447 ³.
756 4393 784 4448 4.
804 4391 877 4448 lron.
891 4414 913 4448 c.
926 4396 997 4448 boor.
1015 4389 1036 4456 l,
1047 4391 1092 4444 at.
1164 4389 1192 4443 4.
1204 4389 1230 4442 5.
1251 4393 1293 4452 οἱς

147 4480 310 4560 ἐντυχόντες]
329 4483 356 4536 ci
373 4482 522 4556 ἱντνχόντες
540 4477 562 4538 C
577 4478 617 4548 bl,
640 4483 687 4556 qui
706 4483 792 4540 dxci
810 4493 873 4555 poet
890 4486 938 4538 trs.
954 4479 1132 4538 inserendum
1151 4489 1255 4536 censet.
