3050 4988
281 315 344 380 332
390 313 607 400 (p.216.217.)
738 318 831 376 ιιοσο
856 317 901 389 vt,
926 321 976 377 συ.

280 479 331 545 ἀπ
352 527 441 547 .....
462 482 607 568 λημένων
627 481 687 547 ὅσα
708 482 841 576 ἐπιτομῇ
864 483 1002 550 δυνατὸν
1022 484 1104 548 ἔστιν
1126 482 1318 570 ἐκθήσομαι.
1362 451 1437 550 'At-

278 607 368 671 γουσι
410 591 473 677 χάρ
494 595 610 654 ταῦτα·
635 589 687 654 Ἐκ
701 591 846 676 μονάδος
867 597 921 656 καί
942 591 1064 666 δυάδος
1085 590 1123 655 τά
1148 589 1208 657 tta
1231 591 1434 670 συνεστάναι,
1510 617 1511 646 t

279 702 333 760 καὶ
355 696 421 762 ἀπδ
451 703 511 782 μὲν
536 698 678 780 μονάδος
706 701 766 773 ίως
795 703 858 796 τῶν
889 700 1048 784 τεσσάρων
1072 697 1303 785 ἀριθμοῦντες,
1330 699 1435 776 οὕτως

242 817 271 865 tt
278 810 409 885 γεννῶσι
431 806 486 892 τὴν
508 804 641 870 δεκάδα.
696 805 805 870 Πάλιν
828 805 861 871 δ’
883 805 927 871 αδ
949 806 1029 883 δυάς
1050 805 1259 894 προελθοῦσα
1287 809 1346 882 έως
1373 813 1434 872 τοῦ

279 913 451 1000 ἐπισήμου,
476 912 544 979 οίον
567 913 627 978 δύο
649 919 703 977 καί
724 917 862 998 τέσσαρα
891 919 945 978 καί
973 917 1025 992 ἐξ,
1056 914 1112 1000 τὴν
1141 912 1314 978 δωδεκάδα
1344 912 1433 978 ἀπέ-

280 1020 371 1100 δειξ.
416 1027 479 1087 Καὶ
500 1023 602 1087 πάλιν
623 1022 693 1086 ἀπὸ
715 1025 768 1107 τῆς
785 1021 906 1097 δυάδος
922 1021 1154 1106 ἀριθμούντων
1174 1020 1266 1107 ἡμῶν
1283 1025 1342 1097 ἕως
1364 1027 1432 1086 τῶν

279 1127 358 1192 δέκα
381 1128 399 1214 ἦ
421 1130 606 1216 τριάκοντας
626 1128 815 1215 ἀνεδείχθη,
839 1130 876 1194 ἐν
897 1125 918 1220 ᾖ
939 1128 1058 1210 δχδυάς
1085 1135 1141 1193 καὶ
1169 1128 1265 1205 δεκάς
1285 1132 1341 1192 καί
1362 1129 1432 1192 δω-

278 1234 380 1311 δεκάς.
429 1237 497 1322 Τὴν
517 1235 576 1302 σύν
598 1237 768 1302 δωδεκάδα
792 1237 847 1300 διά
865 1237 899 1302 τδ
921 1237 1077 1323 ἐπίσημον
1097 1238 1262 1324 ἐσχηκέναι
1285 1255 1431 1302 συνεπα-

239 1342 484 1429 8οκολουθῆσαν
506 1342 586 1436 αύτῇ
606 1346 640 1408 τδ
661 1345 816 1431 ἐπίσημον
836 1343 964 1421 πάθος,
998 1349 1052 1408 καί
1083 1344 1139 1408 διδ
1166 1348 1256 1409 τοῦτο
1278 1349 1351 1431 περὶ
1371 1345 1431 1408 τδν

278 1449 457 1516 δωδέκατον
485 1449 631 1537 ἀριθμὸν
667 1456 723 1516 τοῦ
761 1451 950 1538 σφάλματος
986 1455 1157 1535 γενομένου
1189 1453 1223 1516 τδ
1262 1451 1431 1538 πρόβατον

277 1555 515 1644 ἀποσκιρυῆσαν
532 1559 772 1646 πεπλανῆσθαι.
817 1603 896 1623 .....
926 1557 1043 1642 δμοίως
1065 1559 1101 1624 δὲ
1122 1563 1177 1622 καὶ
1198 1559 1234 1623 ἐκ
1254 1564 1307 1645 τῆς
1329 1556 1430 1623 δεκά-

278 1664 342 1741 δος.
388 1671 450 1730 Καὶ
472 1667 526 1732 ἐπί
546 1666 664 1731 τούτων
683 1666 739 1752 τὴν
757 1665 901 1752 δραχμὴν
915 1665 1068 1747 λέγουσιν,
1085 1667 1125 1753 ἣν
1139 1665 1328 1732 ἀπολέσασα
1346 1659 1427 1753 γυνη

277 1773 398 1861 ἅψασα
418 1775 535 1856 λύχνον
556 1774 669 1861 ἐζήτει,
702 1774 759 1861 τήν
779 1798 810 1838 τε
831 1774 884 1838 ἐπί
906 1773 953 1838 ἑνί
974 1774 1125 1862 προβάτῳ
1155 1773 1340 1851 ἀπώλειαν,
1371 1780 1429 1838 καὶ

239 1881 332 1966 υστην
359 1885 422 1946 τῶν
455 1882 642 1969 ἐνενήκοντα
668 1883 764 1947 ἐννέα
794 1883 992 1956 συντιθέντες
1019 1880 1143 1957 ἑαυτοῖς
1171 1879 1335 1969 ἀριθμούς
1361 1905 1427 1966 μυ-

275 2111 488 2198 ἐπιχειρυύσιν
510 2110 724 2192 ἀπαγγέλλειν
745 2107 831 2177 οὗτοι
853 2110 884 2176 οἳ
901 2111 947 2187 είς
969 2111 1134 2198 ἀριθμοὺς
1154 2115 1194 2176 ut
1216 2115 1326 2178 πάντα
1348 2139 1425 2180 κατ-

276 2220 420 2300 άγοντες,
443 2219 478 2283 ἐκ
499 2218 642 2303 μονάδος
656 2224 709 2283 καί
726 2218 846 2295 δυάδος
875 2221 1049 2306 φάσκοντες
1064 2224 1103 2285 τὰ
1121 2219 1181 2286 ὅλα
1193 2226 1422 2308 συνεστηκέναι.

276 2332 339 2391 Καὶ
355 2325 420 2393 ἀπὸ
442 2326 586 2411 μονάδος
607 2331 667 2403 ἐως
688 2331 750 2392 τῶν
771 2328 930 2413 τεσσάρων
952 2328 1166 2413 ἀριθμοῦντες
1187 2328 1268 2393 οὕτω
1288 2335 1423 2409 γεννῶσι

273 2435 329 2522 τὴν
341 2434 477 2499 δεκάδα·
499 2438 558 2519 μία
574 2437 635 2518 χάρ
653 2441 706 2498 καὶ
722 2435 782 2499 δύο
804 2441 858 2498 καὶ
878 2447 959 2522 τρεῖς
981 2441 1034 2499 καί
1055 2439 1201 2523 τέσσαρες
1222 2441 1421 2503 συντεθεῖσαι

274 2543 327 2607 ἐπὶ
348 2545 382 2607 τδ
406 2541 482 2608 αδτδ
503 2541 557 2608 τδν
580 2547 642 2606 τῶν
668 2541 747 2606 δέκα
774 2541 904 2607 αίάνων
928 2535 1114 2629 ἀπεκύησαν
1129 2543 1284 2631 ἀριθμόν.
1314 2546 1423 2611 Πάλιν

275 2649 308 2714 δ’
330 2648 410 2736 αύῆ
434 2649 514 2726 δυὰς
544 2647 600 2714 ἀπ’
629 2647 725 2735 αὐτῆς
753 2649 962 2733 προελθοῦσα
984 2653 1043 2725 ἕως
1064 2654 1120 2714 τοῦ
1145 2651 1319 2738 ἐπισήμου,
1354 2652 1422 2718 υίυν

275 2757 333 2823 δύο
356 2763 410 2821 καὶ
431 2760 577 2844 τέσσαρες
598 2763 652 2821 καὶ
674 2761 724 2834 ἐξ,
754 2756 809 2842 τήν
831 2756 1002 2822 δωδεκάδα
1024 2755 1183 2838 ἀπέδειξε.
1236 2767 1299 2825 Καὶ
1320 2761 1423 2826 πάλιν

274 2872 342 2938 ἀπὸ
364 2877 417 2959 τῆς
439 2872 559 2948 δυάδος
582 2867 700 2955 ὁμοίως
721 2871 951 2958 ἀριθμούντων
972 2870 1063 2958 ἡμῶν
1091 2877 1151 2951 ἕως
1175 2878 1239 2938 τῶν
1261 2875 1340 2940 δέκα
1363 2857 1422 2963 ηλ

275 2979 465 3066 ἐνεδείχθη,
497 2977 574 3072 ένῇ
600 2978 679 3046 δκτώ
703 2985 756 3044 καὶ
779 2980 858 3044 δέκα
880 2985 934 3043 καὶ
956 2979 1092 3044 δώδεκα.
1151 2981 1220 3066 Τὴν
1241 2981 1299 3046 οὖν
1321 2983 1422 3048 δωδε-

275 3089 362 3154 κάδα
391 3089 447 3153 διά
477 3090 533 3154 τὸν
553 3089 707 3174 ἐπίσημον
728 3090 966 3174 συνεσχηκέναι,
1002 3087 1057 3151 διά
1079 3087 1114 3152 τὸ
1137 3090 1422 3177 συνεπακολουθή-

276 3215 382 3262 σασαν
403 3197 483 3289 αδτῇ
505 3198 539 3261 τδ
561 3196 716 3282 ἐπίσημον
738 3197 851 3271 πάθος
873 3195 1008 3276 λέγουσι,
1032 3200 1086 3258 καὶ
1102 3194 1157 3259 διδ
1175 3201 1264 3260 τοῦτο
1280 3204 1353 3283 περὶ
1367 3199 1422 3264 τὸν

276 3305 459 3370 δωδέκατον
480 3303 627 3389 ἀριθμὸν
647 3308 702 3369 τοῦ
722 3304 909 3390 σφάλματος
929 3305 1101 3387 γενομένου
1115 3305 1149 3366 τδ
1163 3304 1325 3388 πρόβατον
1336 3304 1421 3370 ἀπυ-

276 3418 443 3500 σκιρτῆσαι)
464 3412 713 3498 πεπλανῆσθαι,
740 3411 850 3496 ἐπειδὴ
873 3410 927 3496 τὴν
949 3409 1127 3474 ἀπόστασιν
1148 3409 1215 3475 άπδ
1239 3410 1422 3488 δωδεκάδος

273 3524 465 3608 γεγενῆσθαι
486 3520 654 3605 φάσκουσι.
703 3524 759 3604 Τῷ
781 3517 867 3604 αδτηί
891 3519 997 3604 τρόπῳ
1021 3523 1075 3580 καὶ
1092 3517 1159 3583 ἀπδ
1172 3523 1226 3604 τῆς
1240 3520 1422 3598 δωδεκάδος

275 3627 454 3693 ἀπόστασιν
473 3631 554 3711 μίαν
576 3626 714 3709 δύναμιν
736 3625 944 3690 ἀπολωλέναι
972 3625 1199 3708 μαντεύονται,
1230 3632 1284 3690 καί
1308 3629 1422 3713 ταύτην

273 3737 356 3801 εἶναι
377 3736 433 3822 τὴν
455 3745 591 3815 γυναῖκα
619 3734 674 3819 τὴν
705 3733 914 3798 ἀπολέσασαν
946 3732 1001 3817 τὴν
1029 3731 1175 3819 δραχμην
1201 3740 1254 3797 καὶ
1284 3734 1422 3822 ἅψασαν

274 3843 391 3924 λύχνον
412 3847 467 3906 καὶ
487 3841 645 3927 εὑροῦσαν
667 3839 775 3927 αὐτήν.
835 3839 944 3914 Οὕτως
974 3837 1033 3904 οὖν
1055 3845 1109 3903 καὶ
1139 3841 1220 3929 [ἐπὶ]
1248 3841 1320 3918 τούς
1350 3842 1422 3930 ἀρι-

345 4108 390 4163 72.
418 4107 468 4162 ἀπ’
488 4108 567 4162 αὐτοῦ
587 4107 638 4180 (vel
658 4109 750 4180 potius
769 4107 823 4162 ἀπὸ
841 4107 940 4182 τούτου)
960 4109 1124 4180 είίημμένων
1141 4104 1185 4161 M:
1211 4124 1245 4161 an
1270 4107 1321 4162 ἀπ’
1338 4108 1423 4163 αὐτῶν

274 4203 489 4276 τεθρυλλημένων
511 4201 553 4255 vel
571 4203 747 4275 είλεγμένωνθ
819 4198 937 4276 ἐπιτομῇ]
958 4202 1001 4254 ίπί
1018 4201 1050 4255 τὸ
1067 4197 1145 4275 μίχῦ
1236 4201 1280 4255 73.
1301 4219 1359 4274 sqq.
1380 4200 1420 4257 Cf.

275 4293 349 4350 Iron.
368 4315 391 4349 ο.
404 4298 474 4349 luter.
494 4293 514 4358 l,
538 4295 577 4359 16,
599 4294 612 4348 1
632 4311 691 4366 sqq.
764 4292 809 4346 76.
829 4292 873 4346 77.
892 4291 1046 4355 ίπὲδειξεῦ
1119 4293 1164 4348 78.
1189 4292 1204 4359 ἦ
1227 4292 1422 4371 τριάκοντας]ἢ

275 4393 413 4465 τριάκοντα
432 4389 467 4447 C:
486 4373 581 4459 HM
689 4395 733 4448 79.
755 4411 814 4467 sqq.
834 4389 876 4446 Cf.
898 4391 970 4446 Ιτεο.
991 4400 1019 4446 et
1037 4409 1107 4465 quae
1126 4389 1284 4449 Mansuetus
1303 4393 1422 4449 adhunc

277 4485 369 4542 locum
389 4485 527 4542 adnotavit
552 4486 594 4542 his
619 4503 685 4542 οιοι
709 4485 815 4542 verbis:
844 4487 868 4540 A
893 4488 1049 4542 duodenario
1075 4505 1181 4542 κυυιιεο
1204 4490 1332 4544 abstracto
1350 4491 1426 4544 ιεωιῖ
