3050 4988
659 338 806 398 MARCUS.
1250 336 1314 402 305

168 525 253 590 rom,
276 504 423 587 deinceps
444 504 564 568 locutus
588 512 635 568 est
659 505 796 590 tertiam,
819 525 900 589 quae
924 505 1048 590 quidem
1079 515 1145 571 erat
1170 507 1314 572 elemen-

167 621 266 676 torum
296 611 424 696 decem,
462 618 662 694 quartamque
695 612 834 677 elocutus
866 622 929 699 est,
962 633 1061 698 eaque
1092 624 1159 679 erat
1188 623 1220 678 et
1247 617 1312 698 ipsa

167 717 330 782 duodecim
361 719 594 784 elementorum.
650 718 726 784 Erat
758 723 851 806 igitur
885 723 977 788 totius
1012 723 1145 786 nominis
1178 723 1312 787 elocutio

168 825 390 890 elementorum
409 827 547 912 triginta,
570 826 756 912 syllabarum
780 837 881 891 autem
905 835 1059 910 quattuor.
1110 829 1314 912 Unumquod-

167 951 228 1015 que
251 939 352 996 autem
375 931 597 998 elementorum
620 951 692 998 suas
715 936 831 999 litteras
854 941 885 999 et
907 951 994 1000 suam
1017 935 1153 1017 speciem
1176 943 1207 999 et
1224 951 1352 1001 suumou

166 1059 275 1104 sonum
299 1048 331 1105 et
352 1041 466 1125 figuras
488 1048 520 1104 et
539 1042 688 1126 imagines
710 1040 843 1124 habere,
867 1060 971 1124 neque
992 1042 1085 1105 ullum
1108 1060 1215 1106 eorum
1231 1060 1312 1128 esse,

166 1149 250 1231 quod
268 1148 347 1214 illius
370 1149 530 1232 pervideat
551 1152 698 1232 speciem,
723 1149 810 1213 ouius
833 1149 900 1233 ipso
924 1148 1108 1213 elementum
1130 1157 1186 1234 est,
1209 1166 1311 1232 neque

166 1273 241 1321 vero
264 1257 357 1320 vicini
390 1257 437 1320 sui
471 1273 625 1338 quemque
648 1257 856 1321 elocutionem
885 1273 997 1340 nosse,
1031 1256 1102 1340 sed,
1130 1254 1214 1338 quod
1244 1258 1311 1340 ipse

166 1363 337 1449 eloquatur,
351 1371 494 1447 tanquam
509 1364 685 1428 universum
703 1363 859 1428 elocutum
875 1371 970 1428 totum
986 1363 1127 1428 arbitrari
1151 1364 1309 1447 appellare

167 1489 246 1536 eum.
290 1471 545 1554 Unumquodque
566 1473 646 1535 enirn
670 1489 786 1556 eorum,
810 1489 878 1535 oum
901 1489 972 1554 pars
994 1474 1032 1536 sit
1053 1474 1197 1558 universi,
1220 1489 1350 1538 suumeo

164 1595 272 1641 sonum
294 1585 438 1661 tanquam
463 1585 561 1642 toturn
582 1578 754 1664 appellare,
776 1597 837 1642 nec
851 1577 995 1644 desinere
1012 1587 1183 1666 sonantem,
1208 1580 1309 1646 donec

165 1683 203 1748 ad
236 1693 403 1750 extremam
428 1685 559 1750 litteram
589 1685 719 1748 extremi
753 1684 899 1750 elementi
942 1686 1119 1772 singulatim
1160 1689 1308 1772 eloquens

163 1791 315 1857 deveniat
372 1793 447 1856 Tum
471 1799 571 1856 autem
596 1799 627 1856 et
647 1791 946 1877 redintegrationem
979 1795 1196 1860 universorum
1232 1795 1308 1860 dixit

163 1899 247 1986 lieri,
270 1920 338 1965 cum
362 1907 472 1965 cuncta
495 1899 648 1982 degressa
671 1900 701 1963 in
725 1918 816 1964 unam
838 1901 970 1965 litteram
998 1919 1089 1967 unam
1114 1903 1307 1986 eandemque

162 2008 366 2073 elocutionem
402 2015 568 2090 sonarent,
603 2005 851 2089 elocutionisque
885 2007 1051 2093 imaginem
1089 2009 1185 2074 Amen
1216 2012 1345 2076 simules

161 2114 334 2180 dicentibus
356 2114 446 2179 nobis
468 2114 574 2179 statuit
595 2131 677 2179 esse.
722 2116 824 2180 Sonos
847 2122 947 2180 autem
971 2132 1042 2180 esse
1064 2134 1129 2201 eos,
1153 2119 1205 2200 qui
1221 2117 1305 2202 ligu-

158 2324 215 2388 luit
236 2323 315 2387 baec
336 2323 505 2388 litterarum
526 2327 687 2403 quattuor;
719 2327 787 2403 post
817 2319 941 2386 locutus
968 2328 1016 2386 est
1043 2330 1072 2387 et
1099 2323 1237 2408 tertiam,
1271 2333 1302 2389 et

159 2428 214 2493 luit
235 2429 313 2493 baec
335 2429 503 2493 litterarum
521 2425 566 2512 X,
589 2435 619 2492 et
643 2446 710 2492 earn
733 2446 814 2509 quae
838 2433 887 2492 est
908 2434 978 2510 post
1000 2427 1080 2494 baec
1101 2431 1222 2496 locutus
1246 2440 1303 2517 est,

159 2541 190 2598 et
212 2535 267 2598 luit
289 2536 354 2617 ipsa
377 2535 545 2599 litterarum
569 2532 633 2597 Xll.
684 2532 777 2599 Facta
801 2542 850 2599 est
871 2552 948 2619 ergo
969 2535 1145 2602 enunciatio
1167 2539 1305 2604 universi

158 2642 288 2705 nominis
321 2641 491 2707 litterarum
512 2637 616 2726 XXX,
649 2639 835 2724 syllabarum
869 2647 970 2705 autem
1000 2650 1159 2726 manner,
1190 2663 1303 2709 unum·
1356 2685 1358 2690 ,

156 2747 303 2831 quodque
327 2755 426 2813 autem
450 2749 670 2812 elementorum
694 2765 765 2810 suas
786 2746 905 2812 litteras
928 2756 960 2813 et
981 2767 1069 2813 suum
1091 2749 1301 2817 characterem

157 2863 188 2918 et
210 2873 296 2919 suam
320 2857 568 2920 enunciationem
592 2860 624 2917 et
645 2852 843 2937 figurationes
873 2861 905 2918 et
933 2855 1082 2940 imagines
1110 2855 1247 2944 babere,
1271 2867 1303 2924 et

156 2961 229 3025 nihil
252 2980 359 3027 eorum
384 2980 471 3048 esse,
495 2961 578 3045 qood
600 2962 679 3026 illius
703 2959 808 3024 videat
830 2958 968 3047 formam,
992 2959 1075 3045 quod
1090 2961 1188 3044 ipsum
1207 2982 1303 3046 super

156 3069 338 3134 elementum
363 3077 424 3156 est,
449 3070 506 3134 scd
528 3087 586 3132 nec
611 3085 805 3153 cognoscere
824 3086 904 3153 eum,
928 3067 983 3132 sed
1010 3069 1197 3152 nequidem
1224 3089 1301 3155 pro-

154 3178 226 3241 ximi
251 3178 316 3241 eius
336 3196 430 3242 unum
453 3177 599 3261 quodque
622 3175 872 3240 enunciationem
902 3175 998 3257 scire,
1032 3177 1085 3240 sed
1120 3179 1203 3260 quod
1234 3180 1301 3262 ipse

153 3286 314 3370 enunciat,
348 3285 389 3349 ita
414 3303 505 3350 omne
536 3284 620 3367 quod
651 3284 811 3367 enunciat,
842 3281 914 3346 illud
946 3282 1029 3365 quod
1051 3292 1099 3349 est
1117 3291 1213 3350 totum
1237 3303 1299 3352 nc-

156 3391 259 3454 minet.
328 3391 575 3476 Unumquodque
610 3392 690 3455 enirn
729 3392 881 3475 ipsorum,
922 3408 993 3472 pars
1027 3391 1163 3458 existens
1195 3395 1299 3478 totius,

152 3515 240 3562 suum
263 3517 373 3564 sonum
397 3499 485 3582 quasi
516 3516 607 3562 omne
631 3496 807 3580 nominare,
839 3503 870 3560 et
898 3515 962 3560 non
993 3513 1120 3562 cessare
1148 3500 1297 3586 sonantia,

150 3603 254 3684 quoad
284 3605 445 3686 usquead
470 3605 664 3670 novissimam
687 3605 818 3670 litteram
841 3605 999 3669 novissimi
1022 3602 1165 3669 elementi
1186 3607 1297 3690 singu-

150 3707 256 3771 lariter
279 3709 441 3777 enunciata
465 3713 640 3778 deveniant.
697 3713 783 3776 Tune
813 3716 913 3774 autem
944 3718 975 3774 et
1001 3709 1295 3794 redintegrationem

149 3818 364 3881 universorum
389 3817 462 3883 dicit
483 3819 624 3905 loturam,
648 3816 772 3902 quando
796 3819 898 3880 omnia
923 3815 1117 3881 devenientia
1145 3819 1175 3881 in
1203 3837 1294 3883 unam

148 3924 279 3988 litteram
302 3943 394 3989 unam
417 3934 448 3991 et
475 3925 606 3992 eandem
631 3925 886 3991 consumationem
915 3930 1045 4007 sonant,
1071 3923 1158 3988 ouius
1187 3926 1294 3989 erela-

148 4033 291 4098 mationis
313 4033 479 4117 imaginem
503 4053 574 4101 esse
603 4034 700 4099 Amen
728 4030 816 4098 simol
847 4029 1018 4096 dicentibus
1041 4033 1131 4097 nobis
1162 4032 1293 4098 tradidit.

144 4238 213 4314 μηδὲ
230 4239 360 4314 ἐπιφωνεῖν
385 4236 420 4295 C:
445 4238 513 4294 tut
534 4237 601 4313 μηδὲ
625 4241 757 4312 lacuaria
780 4235 819 4293 Μ.
868 4235 910 4291 Gl.
935 4235 1009 4292 lren.
1133 4240 1178 4297 ³8.
1198 4240 1242 4296 39.
1267 4247 1294 4296 ad

146 4328 219 4408 ὅλον]
241 4331 279 4387 ὅτι
296 4329 365 4388 abc
408 4327 449 4388 Cf.
468 4329 542 4387 Iren-
627 4335 672 4388 40.
693 4335 738 4388 41.
757 4327 903 4393 παῦσαςῦ
982 4331 1027 4386 42.
1050 4333 1294 4405 μονογλωπήσανπ

145 4422 216 4479 CM
261 4422 302 4480 Cl.
323 4422 395 4481 lreo.
415 4426 461 4480 tat.
551 4425 598 4480 nul
619 4441 664 4480 om
683 4424 705 4480 C
723 4423 752 4482 dl
789 4424 832 4480 Cl.
852 4421 924 4480 Iron.
1017 4426 1061 4479 44.
1080 4426 1125 4480 45.
1145 4428 1295 4498 ἐκφώνησιν

144 4517 242 4590 isefon,
261 4516 305 4585 τήν
322 4537 346 4572 ra
365 4519 515 4592 ingumerem
532 4515 613 4591 ἦχὴσῃ
633 4515 735 4592 (⁸chss
850 4518 896 4573 46.
915 4515 1058 4588 φθόγγους
1074 4534 1118 4572 om
1139 4515 1160 4574 C
