3050 4988
243 309 307 375 330
353 309 566 396 (ρωιτωιε.)
674 315 769 374 unua
793 314 837 388 ιι,
862 316 911 372 ιι.
937 317 987 372 ευ.

242 505 310 560 τος,
333 484 406 566 ἔχον
427 483 463 548 ἐν
485 480 587 570 ἑαυτοῦ
609 486 664 546 καί
683 482 738 547 τόν
758 483 911 568 πατέρα
943 481 998 544 καί
1018 478 1074 544 τδν
1094 476 1185 543 υἰδν
1206 477 1263 565 τήν
1284 501 1316 542 τε
1338 477 1402 541 διὰ

243 591 361 656 τοῦτων
380 593 614 676 γινωσκομένην
631 587 853 673 α’νονόμαστον
871 591 876 675 Ι
896 587 1035 671 δύναμιν
1052 589 1105 672 τῆς
1122 589 1233 671 σιγῆς
1252 591 1307 648 καὶ
1321 587 1401 661 τοῦς

245 699 392 774 ἅπαντας
413 699 545 774 αἰῶνας.
591 702 654 762 Kal
672 703 761 762 τοῦτο
783 698 865 761 εἰναι
888 696 921 761 τὸ
943 699 1070 779 πνεῦμα
1091 697 1126 758 τδ
1148 694 1185 759 ἐν
1201 691 1297 780 αὐτῷ,
1320 715 1400 779 φω-

244 811 347 893 νῆσαν
368 805 422 870 διδ
446 810 501 870 τοῦ
524 806 676 889 πόματος
695 809 752 870 τοῦ
773 802 856 882 υἰοῦ,
879 804 913 868 τδ
939 801 1141 887 ὁμολογῆσαν
1166 799 1280 866 ἐαυτύν
1301 797 1400 864 υἰδν

208 913 475 997 οσοίνθριόπου
498 919 552 977 καὶ
575 917 769 1001 φανερῦσαν
796 910 851 975 τὸν
872 911 1042 994 πατέρα,
1071 907 1231 972 κατελθὸν
1250 909 1400 990 μέντοιγε
1509 971 1510 980 ,

244 1021 289 1096 εἰς
312 1023 367 1085 τόν
383 1019 504 1107 Ἰησοῦν
525 1019 674 1105 ῆνιῦσθαι
697 1017 793 1106 αὐτῷ.
838 1023 901 1081 Καὶ
922 1015 1056 1079 καθείλε
1074 1019 1135 1098 μέν
1156 1017 1211 1079 τδν
1232 1015 1397 1091 θάνατον,
1509 1039 1510 1104 j

245 1131 355 1214 φασίν,
379 1128 397 1193 δ
420 1128 455 1192 έκ
476 1132 529 1213 τῆς
551 1127 736 1209 οἰκονομίας
763 1122 882 1211 σωτήρ,
912 1123 1062 1210 ἐγνώρισε
1092 1122 1128 1187 δὲ
1152 1121 1206 1187 τόν
1239 1125 1399 1208 πατέρα
1509 1113 1510 1122 ’

244 1235 384 1322 Χριστόν
406 1233 558 1322 [Ἰησοῦνῆ.
602 1235 696 1297 Εἰναι
720 1230 778 1296 οὖν
803 1232 858 1296 τόν
878 1229 1028 1316 Ἰησοῦν
1060 1230 1164 1314 ὄνομα
1189 1233 1249 1313 μὲν
1278 1232 1334 1295 τοῦ
1356 1230 1398 1292 ἐκ
1509 1277 1510 1280 ¹

243 1347 296 1430 τῆς
317 1344 500 1426 οἰκονομίας
521 1340 701 1428 α’νθροίπου
724 1339 824 1420 λέγει,
856 1340 1026 1402 τεθεῖσθαι
1056 1337 1093 1402 δὲ
1120 1337 1307 1421 ἐξομοίωσιν
1337 1341 1398 1401 καί

206 1449 414 1538 οομόρφωσιν
435 1453 490 1514 τοῦ
514 1448 683 1533 μέλλοντος
714 1449 759 1523 εἰς
789 1444 890 1512 αἰτόν
918 1448 1129 1531 κατέρχεσθαι
1158 1444 1395 1531 α’νθριόπου,
1509 1447 1510 1450 ’

244 1559 283 1625 δν
304 1559 491 1644 χωρήσαντα
511 1557 676 1642 ἐσχηκέναι
698 1553 814 1631 αὐτόν,
846 1552 946 1618 αὐτόν
975 1576 1005 1617 τε
1031 1554 1114 1618 εἶναι
1144 1551 1202 1617 τὸν
1235 1553 1397 1638 ἄνθρω-

244 1687 335 1742 πον,
360 1665 458 1730 αὐτὸν
478 1664 533 1729 τδν
554 1663 687 1744 λόγον,
711 1660 809 1726 αὐτὸν
828 1660 883 1726 τὸν
904 1663 1060 1748 πατέρα
1091 1665 1145 1724 καί
1168 1661 1246 1749 [τὸν]
1269 1661 1395 1748 ἄρρη-

242 1794 311 1837 τον
333 1777 387 1836 καί
408 1772 463 1858 τῆν
484 1773 595 1858 σιγῆν
622 1774 676 1835 καί
704 1769 759 1855 τῆν
788 1767 987 1854 οἰλῆθειαν
1016 1771 1071 1833 καί
1099 1767 1315 1856 ἐκκλησίαν
1336 1773 1396 1831 καὶ

245 1879 357 1966 ζαῆν.

207 1997 238 2048 οῦ
333 1989 383 2053 52.
439 1987 550 2049 Ταῦτα
580 1990 641 2069 μέν
669 1983 728 2050 οὖν
756 1983 904 2070 πρόδηλα
934 1984 1018 2048 εἰναι
1047 1986 1149 2048 πᾶσιν
1182 1982 1298 2059 ἐλπίζω
1324 1993 1393 2059 τοϊς

243 2091 427 2172 ὑγιαίνοντα
448 2096 527 2157 νοῦν
547 2095 744 2180 κεκτημένοις
762 2092 839 2158 ὄντα
862 2092 967 2178 ἄκυρα
989 2095 1044 2154 καί
1062 2091 1192 2178 μακρὰν
1221 2096 1274 2176 τῆς
1307 2095 1391 2154 κατὰ

245 2203 433 2282 θεοσέβειαν
456 2198 616 2279 γνώσεως,
648 2198 725 2264 ὄντα
752 2202 831 2285 μέρη
862 2198 1083 2286 ἀστρολογικῆς
1112 2197 1306 2284 ἐφευρέσεως
1335 2202 1393 2260 καί

243 2306 454 2394 οἰριθμηπκῆς
477 2307 706 2393 Πυθαγορείου
713 2354 726 2383 ,
754 2307 869 2382 καθώς
896 2304 927 2371 οἰ
957 2307 1155 2392 φιλομαθεῖς
1184 2306 1322 2381 εἴσεσθε,
1353 2303 1393 2368 ἐν

243 2423 308 2487 τοῖς
329 2416 634 2498 προμεριμνηθεΐσιν
655 2412 731 2498 ἡμῖν
761 2413 949 2498 ἐκκειμένων
975 2415 1091 2478 τούτων
1120 2414 1183 2476 τῶν
1212 2409 1391 2495 δογμάτων.

206 2519 305 2584 ίῦἸνα
326 2519 363 2584 δὲ
385 2524 579 2607 σαφέστερον
601 2521 729 2596 τούτους
755 2519 961 2604 ἐπιδείξωμεν
993 2519 1031 2586 οῦ
1062 2524 1200 2605 Χριστοῦ
1227 2520 1389 2608 μαθητάς,

244 2623 330 2690 α’λλιί
368 2625 588 2713 Πυθαγόρου,
628 2632 683 2692 καί
714 2632 778 2692 τῦν
812 2631 885 2714 περὶ
917 2629 955 2691 τὰ
991 2629 1133 2712 μετέωρα
1164 2629 1227 2692 τιῦν
1265 2628 1391 2713 ἄστρων

243 2781 316 2865 ἔχον
338 2783 374 2847 ἐν
394 2782 497 2870 ἑαυτῷ
518 2787 573 2847 καὶ
594 2786 649 2848 τὸν
668 2787 817 2872 πατέρα
839 2789 894 2848 καί
914 2785 969 2849 τὸν
990 2782 1080 2849 οἷόν
1100 2783 1157 2871 τῆν
1181 2808 1213 2848 τε
1239 2785 1294 2850 διδ
1315 2787 1390 2850 τοῦ-

242 2911 305 2956 των
331 2895 565 2978 γινωσκομένην
594 2891 816 2977 α’νονόμαστον
848 2891 987 2976 δυ’ναμιν
1015 2896 1068 2979 τῆς
1099 2895 1211 2978 σιγῆς
1239 2899 1293 2957 καὶ
1316 2895 1390 2970 τοῦς

243 2998 390 3073 ἅπαντας
410 3000 541 3075 αἰιῦυας.
588 3005 650 3063 Καὶ
669 2997 748 3064 τοῦτ’
777 2999 860 3064 εἰναι
887 3001 921 3063 τδ
951 3003 1079 3083 πνεῦμα
1107 3002 1141 3064 τό
1163 2999 1308 3087 λαλῆσαι
1330 3001 1387 3066 διδ

241 3111 296 3170 τοῦ
313 3103 430 3192 Ἰησοῦ,
461 3107 495 3170 τὸ
520 3104 722 3192 ὁμολογῆσαν
743 3105 857 3173 ἑαυτὸν
884 3103 975 3172 υἰιίν
996 3107 1219 3195 α’νθροίπου
1242 3114 1297 3173 καί
1317 3133 1386 3196 φα-

242 3213 424 3300 νεροίσαντα
445 3214 500 3278 τδν
522 3217 683 3299 πατέρα,
706 3214 866 3280 κατελθδν
886 3219 945 3300 μὲν
958 3216 1003 3292 εἰς
1016 3217 1073 3280 τόν
1087 3213 1218 3302 Ἰησοῦν,
1235 3215 1385 3302 ῆνιῦσθαι

243 3319 277 3384 δ’
299 3318 395 3406 αὐτῷ.
440 3326 504 3384 Καὶ
526 3319 659 3384 καθείλε
679 3325 741 3404 μὲν
761 3329 816 3386 τὸν
837 3323 1003 3400 θάνατον,
1033 3325 1140 3410 φησίν,
1164 3323 1180 3388 ὃ
1203 3324 1238 3388 ἐκ
1260 3327 1312 3409 τῆς
1335 3327 1387 3388 οἰ-

243 3431 395 3510 κονομίας
423 3428 539 3513 σωτῆρ,
565 3427 714 3514 ἐγνώρισε
735 3427 771 3492 δὲ
792 3431 847 3494 τόν
870 3433 993 3516 πατέρα
1014 3431 1161 3517 Χριστόν.
1211 3431 1306 3496 Εἶναι
1328 3430 1386 3496 οὖν

241 3534 296 3599 τδν
313 3533 433 3620 Ἰησοῦν
454 3535 559 3618 ὄνομα
579 3539 639 3618 μὲν
660 3539 716 3600 τοῦ
742 3535 777 3600 ἐκ
805 3541 857 3622 τῆς
879 3537 1062 3620 οἰκονομίας
1089 3536 1270 3624 οἰνθριδπου
1292 3537 1383 3619 λέγει,

241 3645 411 3707 τεθείσθαι
434 3642 471 3706 δὲ
491 3643 536 3718 εἰς
557 3643 744 3726 ἐξομοίωσιν
776 3651 830 3708 καί
858 3646 1027 3732 μόρφωσιν
1058 3649 1114 3710 τοῦ
1141 3646 1310 3731 μέλλοντος
1341 3649 1387 3724 εἰς

243 3747 342 3814 αὐτόν
363 3753 574 3837 κατέρχεσθαι
597 3747 838 3837 οἰνθριόπου,
860 3752 915 3817 τὸν
931 3753 1118 3839 χωρήσαντα
1141 3753 1257 3832 αἰτόν,
1293 3755 1385 3843 ἐσχη-

241 3860 332 3921 κέναι
355 3857 391 3920 δὲ
413 3855 512 3923 αῦτόν
532 3882 564 3922 τε
584 3861 639 3922 τόν
661 3853 901 3944 ἄνθρωπον,
925 3857 1024 3924 αῦτόν
1044 3884 1076 3923 τε
1105 3861 1159 3924 τὸν
1189 3860 1385 3943 λόγονκαί

239 3965 294 4028 τδν
316 3967 466 4048 πατέρα
488 3965 616 4031 καὶτὸν
638 3967 815 4052 ἄρρητον
845 3971 898 4030 καὶ
927 3965 983 4053 τῆν
1005 3966 1116 4054 σιγῆν
1139 3972 1193 4032 καὶ
1213 3970 1268 4054 τῆν
1289 3967 1385 4056 α’λῆ-

240 4076 362 4136 θειαν
385 4077 439 4135 καί
460 4072 668 4158 ἐκκλησίαν
690 4077 744 4135 καί
766 4070 876 4158 ζωήν.
920 4078 958 4137 Κ.
978 4097 1004 4138 τ.
1026 4072 1055 4137 λ.

331 4181 380 4246 12.
429 4181 496 4266 Τῆν
519 4177 577 4244 οὖν
597 4182 719 4259 γένεσιν
739 4183 802 4244 τῶν
824 4179 953 4246 αἰιόνων
983 4180 1090 4246 αδτῦν
1110 4186 1165 4245 καί
1185 4182 1241 4268 τῆν
1261 4181 1385 4270 πλοίνην

240 4293 296 4354 τοῦ
317 4289 479 4376 προβάτου
502 4292 556 4352 καί
578 4287 744 4375 α’νεόρεσιν
765 4287 936 4363 ἑνώσαντες
949 4289 1003 4354 ἐπί
1016 4289 1050 4354 τό
1065 4285 1141 4355 αῦτδ
1157 4291 1385 4374 μυστικώτερον

230 4461 232 4468 ’
315 4465 359 4520 53.
378 4464 461 4535 τοῦτο]
480 4464 569 4521 τοῦτον
586 4461 608 4520 C
626 4460 657 4519 Μ
786 4465 830 4520 53.
850 4463 894 4519 54.
920 4465 1058 4536 φωνῆσαν]
1080 4463 1225 4536 {vacare
1338 4465 1383 4521 54.
