3052 4984
220 310 284 376 408
329 310 548 393 (posenno.)
658 311 752 370 menn
775 311 830 384 vn,
853 312 992 369 eo-se.

220 489 289 556 νοίς
309 481 491 564 ἄνθρωπον
513 479 596 545 είναι
618 479 744 559 λέγουσι
765 478 820 540 τόν
837 473 968 562 Ἰησοῦν,
992 478 1046 538 καί
1074 480 1155 540 κατά
1184 488 1239 548 τὴν
1270 484 1371 551 αὐτὸν

221 587 318 669 λόγον
340 587 395 651 τόν
416 587 556 674 Χριστόν
576 587 622 664 είς
644 584 744 652 αὐτόν
765 582 1026 669 κατεληλυθέναι.

306 698 491 760 Ινωστικῶν
513 695 549 760 δέ
571 695 725 782 διάφοροι
739 696 881 776 γνῶμαι,
903 686 950 756 ῶν
967 688 1025 756 οῦκ
1045 693 1138 770 άξιον
1157 699 1373 782 καταριθμῶν

220 805 277 879 τάς
305 801 470 889 φλυάρους
502 802 601 880 δόξας
622 802 802 889 ἐκρίναμεν,
832 799 931 874 οῦσας
953 797 1077 876 πολλάς
1106 799 1242 883 ἀλόγους
1263 825 1294 868 τε
1316 808 1372 868 καὶ

183 909 426 996 εερλασφημίας
446 910 620 992 γεμούσας,
655 904 701 972 τόν
729 905 818 972 πάνυ
848 905 1028 990 σεμνότεροι
1049 911 1122 993 περὶ
1153 907 1188 973 τό
1216 913 1312 974 θετον
1339 909 1373 974 οἳ

221 1015 495 1103 φιλοσοφήσαντες
516 1015 575 1102 ἀφ’
591 1014 750 1100 Ἑλλήνων
771 1011 983 1099 η’λέγχθησαν.
1033 1013 1163 1100 Πολλῆς
1196 1015 1232 1080 δὲ
1262 1015 1372 1093 αῦιοτς

221 1122 397 1199 συστάσεως
419 1128 527 1188 κακῶν
548 1125 647 1198 αἴτιος
666 1123 827 1206 γεγένηται
849 1118 1023 1198 Νικόλαος,
1055 1119 1098 1196 είς
1125 1125 1188 1186 τῶν
1216 1120 1295 1188 ἑπτά
1326 1123 1374 1199 είς

222 1231 391 1297 διακονίαν
413 1229 476 1296 όπδ
503 1235 569 1296 τῶν
598 1227 788 1294 άποστόλων
818 1230 1048 1306 κατασταθείς,
1084 1229 1121 1304 δς
1149 1227 1291 1307 άποσιάς
1319 1235 1373 1315 τῆς

222 1337 291 1403 κατ’
317 1336 454 1404 εῦθείαν
483 1337 694 1412 διδασκαλίας
720 1335 889 1400 ἐδίδασκεν
925 1333 1125 1422 α’διαφορίαν
1156 1341 1228 1420 βίου
1256 1363 1287 1403 τε
1317 1343 1373 1402 καὶ

184 1444 383 1534 θθβριόσεως,
407 1441 447 1510 οδ
467 1445 539 1521 τοῦς
559 1447 709 1530 μαθητάς
730 1441 948 1530 ἐνυβρίζοντας
973 1446 1007 1508 τό
1039 1444 1132 1525 άγιον
1163 1451 1290 1531 πνεῦμα
1313 1447 1372 1511 διά

219 1556 273 1640 τῆς
295 1551 536 1640 ἀποκαλύψεως
553 1551 701 1638 Ἰωάννης
721 1550 830 1637 ἤλεγχε
852 1549 1065 1638 πορνεάονυας
1085 1556 1139 1616 καί
1160 1552 1370 1619 εἰδωλόθυτα

221 1659 427 1748 ἐσθίονταςΙ
1231 1685 1233 1690 ·

310 1769 361 1833 37.
407 1764 541 1853 Κέρδων
563 1764 601 1830 δέ
620 1789 666 1841 τος
687 1767 741 1828 καί
764 1762 858 1842 αδτδς
879 1762 1032 1850 άφορμάς
1045 1761 1164 1851 δμοίως
1185 1771 1276 1855 παρά
1297 1769 1374 1835 τοῦ·

222 1894 285 1939 των
307 1872 415 1956 λαβὼν
437 1878 491 1936 καί
512 1876 675 1956 Σίμωνος,
699 1872 782 1953 λέγει
807 1871 863 1938 τόν
891 1871 956 1937 ῦπδ
988 1876 1135 1951 Μωσέως
1159 1881 1215 1940 καί
1241 1898 1366 1964 προφη-

186 1985 287 2046 υότῶν
308 1978 391 2048 θεόν
412 1983 642 2069 κεκηρυγμένον
662 1978 705 2065 μὴ
727 1979 811 2043 εἶναι
833 1981 957 2066 πατέρα
978 1981 1080 2066 Ἰησοῦ
1098 1985 1249 2068 Χριστοῦ.
1286 1987 1374 2048 Τοῦ-

223 2109 277 2152 τυν
305 2090 365 2172 μέν
391 2090 454 2174 γάρ
491 2088 674 2166 ἐγνῶσθαι,
712 2085 766 2149 τόν
797 2084 834 2149 δέ
863 2089 920 2150 τοῦ
959 2091 1099 2174 Χριστοῦ
1129 2092 1254 2178 πατέρα
1288 2090 1374 2156 είναι

224 2195 402 2274 ἄγνωστον,
430 2197 484 2258 καί
504 2190 559 2256 τόν
579 2195 639 2275 μὲν
660 2191 743 2255 είναι
765 2190 905 2270 δίκαιον,
937 2194 992 2258 τόν
1021 2193 1057 2258 δέ
1087 2194 1230 2275 α’γαθόν.
1286 2197 1376 2261 Τοῦ-

223 2322 277 2365 του
307 2300 343 2364 δέ
371 2301 404 2365 τό
435 2299 541 2384 δόγμα
570 2298 720 2386 ἐκράτυνε
750 2303 919 2386 Μαρκίων,
951 2301 1008 2376 τάς
1039 2325 1070 2365 τε
1100 2301 1375 2389 α’νιιπαραόέσεις

223 2407 440 2496 ἐπιχειρήσας,
476 2411 530 2472 καὶ
556 2407 618 2472 ὅσα
652 2405 739 2495 αὐτῷ
765 2406 875 2484 ἔδοξεν
900 2407 946 2483 είς
973 2407 1028 2472 τόν
1048 2413 1110 2474 τῶν
1132 2407 1287 2476 ἁπάντων
1314 2410 1374 2499 δη-

311 2635 691 2723 Euseb.1{.n.1v,11.
729 2636 785 2700 Ἕν
805 2660 840 2717 γε
863 2636 928 2724 μην
955 2639 1000 2725 τῷ
1027 2636 1142 2726 προίτηι
1172 2635 1273 2716 αὖθις
1298 2643 1373 2728 περὶ

224 2747 279 2808 τοῦ
304 2743 470 2832 Κέρδωνος
498 2745 597 2808 ταῦτα
626 2741 755 2819 διέξεισι
790 2745 850 2829 (sc.
885 2741 902 2808 ό
934 2745 1139 2830 Είρηναίος)·
1173 2743 1306 2833 Κέρδων
1333 2744 1372 2810 δέ

226 2873 272 2927 τις
293 2848 359 2914 άπδ
381 2855 444 2916 τῶν
465 2851 612 2940 περὶτδν
634 2855 768 2935 Σίμωνα
793 2853 850 2926 τὰς
881 2849 1034 2938 α’φορμάς
1061 2853 1189 2936 λαβών,
1218 2857 1273 2919 καί
1299 2853 1373 2920 ἐτιτ-

224 2955 369 3043 δημήσας
388 2956 425 3021 ἐν
445 2964 481 3050 τῇ
498 2957 602 3049 Ῥώμη
625 2959 679 3024 ἐπὶ
695 2957 839 3039 Ὑγίνου,
870 2957 982 3022 ἔνατον
1013 2959 1130 3046 κλῆρον
1160 2965 1212 3047 τῆς
1238 2961 1370 3027 ἐπισκο-

224 3067 318 3150 πικῆς
339 3064 492 3151 διαδοχῆς
513 3065 580 3132 άπό
603 3070 666 3130 τῶν
690 3063 880 3130 α’ποσιόλων
902 3065 1044 3148 ἔχοντος,
1077 3067 1206 3146 ἐδίδαξε
1227 3069 1283 3134 τδν
1303 3066 1369 3134 δπδ

222 3176 278 3236 τοῦ
300 3173 401 3256 νόμου
423 3177 478 3236 καὶ
500 3177 673 3260 προφητῶν
694 3175 924 3260 κεκηρυγμένον
953 3174 1035 3238 θεὸν
1063 3175 1106 3261 μη
1134 3176 1219 3240 εἶναι
1247 3181 1373 3261 πατέρα

224 3283 279 3344 τοῦ
299 3283 408 3367 κυρίου
431 3279 521 3366 ἡμῶν
546 3279 648 3368 Ἰησοῦ
668 3282 818 3366 Χριστοῦ.
876 3279 942 3344 Τὸν
969 3284 1030 3364 μὲν
1058 3281 1119 3368 γάρ
1146 3281 1368 3368 γνωρίζεσθαι,

224 3385 278 3454 υδν
305 3387 341 3454 δέ
371 3385 499 3469 α’γνῶτα
527 3389 625 3467 εἶναι,
655 3393 709 3452 καί
737 3390 792 3452 τὸν
818 3388 878 3470 μέν
909 3384 1053 3465 δίκαιον,
1086 3387 1141 3453 τόν
1172 3389 1208 3454 δέ
1237 3388 1372 3470 α’γαθδν

224 3493 389 3581 ὑπάρχειν.
431 3495 669 3582 Διαδεξάμενος
691 3495 728 3560 δὲ
750 3493 848 3560 αῦτδν
870 3492 1062 3581 Μαρκίωνό
1080 3496 1236 3573 Ποντικός
1257 3497 1370 3583 ηὔξησε

224 3603 258 3668 τδ
281 3602 511 3669 διδασκαλείου
533 3601 848 3691 α’πηρυθριασμένως
868 3601 1080 3688 βλασφημῶν.

279 3832 325 3890 832
345 3830 465 3910 γνῶμαι]
485 3833 534 3887 eloi
551 3832 659 3906 γνῶμαι
673 3849 748 3904 susp.
763 3829 793 3888 M
871 3831 916 3887 84.
936 3829 1035 3892 πολλάς
1052 3827 1178 3906 ἀλόγους]
1197 3832 1293 3898 πολλῆς
1309 3831 1371 3886 ἀλο-

225 3933 287 4000 γίας
305 3925 449 3997 Roepcrus
520 3927 566 3981 85.
576 3921 767 3998 σεμνότερονῦ
838 3921 909 3999 περί]
923 3923 990 3995 πρὸς
1007 3922 1078 3978 coni.
1094 3920 1251 3979 Bussenius
1264 3923 1371 3995 (Hippo-

225 4023 290 4092 ίμίνε
313 4023 367 4073 and
384 4021 424 4073 Ιιίτ
448 4039 494 4090 αρε
514 4019 538 4083 1,
560 4017 634 4090 377.)
742 4017 787 4072 86.
814 4012 872 4091 ἀφ’]
894 4019 941 4078 ίξῖί
966 4013 1104 4088 Sauppiue
1206 4015 1372 4088 ἦλέγχθησαν

224 4111 382 4183 Roeperne:
409 4109 558 4184 ἠνέχθησαν
582 4106 604 4164 C
632 4106 663 4162 M
839 4109 970 4164 86-92.
999 4105 1041 4163 Cf.
1074 4125 1137 4162 cnm
1170 4108 1213 4163 his
1250 4107 1323 4163 lren.
1348 4132 1370 4164 c.

224 4209 295 4260 λαιι.
326 4201 347 4269 l,
375 4205 425 4268 26,
452 4204 482 4258 3:
518 4199 670 4257 Nicolaitae
703 4209 793 4254 sutem
825 4201 984 4271 magistrum
1014 4200 1124 4273 quidem
1153 4200 1255 4255 hebens
1282 4197 1371 4256 Nico-

224 4299 313 4361 laum,
342 4313 426 4350 nuum
452 4313 486 4350 cx
508 4291 575 4358 vn,
610 4293 658 4364 qni
682 4292 763 4365 primi
798 4292 831 4346 sd
858 4293 1014 4348 diaconium
1038 4293 1072 4346 nb
1096 4293 1228 4364 apostolis
1254 4293 1370 4348 ordinati

225 4398 303 4444 eunt:
323 4389 371 4461 qui
389 4387 538 4443 indiscrete
557 4386 659 4440 vivunt.
696 4381 859 4440 Plenissime
878 4393 969 4440 sutem
988 4402 1039 4456 per
1057 4383 1167 4440 loannis
1185 4384 1371 4458 Apocalypsin

225 4482 435 4537 manifestantur
452 4481 500 4553 qni
526 4479 594 4544 sint.
613 4479 715 4532 nollem
735 4478 916 4534 differentiam
937 4495 998 4533 esee
1016 4477 1147 4534 docentes
1161 4479 1190 4533 in
1202 4477 1370 4534 moechando
