2920 4982
479 371 657 430 VERlTnTiS
686 369 870 428 oocrtttttn.
1176 359 1236 424 541

101 533 209 597 volana
231 534 334 598 iaooro
364 536 490 621 fefollit,
519 556 622 620 noque
653 536 794 620 angelum
832 533 883 617 (no
918 529 1014 615 erra),
1050 529 1104 594 sod
1139 529 1242 592 horni-

98 659 177 706 norn.
238 641 314 706 Nam
344 645 370 706 ai
394 643 483 718 donin
507 650 538 706 te
561 643 707 707 voluisset
730 642 852 723 iacere,
883 645 1015 719 poterat;
1051 636 1148 700 habes
1177 635 1241 717 logi

98 747 290 830 exemplum
312 748 467 817 hominem
491 753 617 836 rolens,
636 750 791 816 hominem
815 755 846 810 te
870 745 955 824 tecit3
977 748 1024 809 ain
1047 761 1124 808 vero
1149 745 1195 806 vis
1214 752 1280 810 etto

99 853 175 920 doua
200 855 276 940 fiori,
300 847 400 922 obedi
417 861 455 942 oi,
469 861 520 941 qui
536 868 567 923 te
586 860 668 944 iecit,
692 875 794 939 nequo
818 855 960 921 obnitaro
983 871 1073 936 nune,
1096 859 1129 917 ut
1150 872 1244 936 super

98 979 223 1042 parrurn
247 961 328 1027 fideti
351 966 404 1028 tibi
424 973 550 1048 reperto
567 985 711 1049 magnum
728 968 818 1030 etiarn
834 961 982 1028 concredi
996 963 1102 1044 possit.
1146 961 1242 1026 Huius

95 1068 188 1151 togus
211 1069 296 1136 sotus
329 1090 368 1135 ox
399 1073 483 1156 ipso;
518 1073 588 1138 ideo
618 1080 648 1138 et
674 1073 768 1158 dous,
804 1071 973 1137 substantia
1003 1089 1070 1134 ouon
1104 1069 1144 1134 sit
1177 1069 1244 1146 uoi3

96 1177 227 1242 mundus
251 1188 351 1244 autom
384 1199 424 1242 ox
451 1180 561 1258 nihito;
591 1179 663 1245 ideo
693 1199 756 1246 non
790 1179 885 1258 dous;
914 1179 963 1242 trio
993 1175 1120 1240 admittit
1153 1175 1241 1237 etiarn

97 1283 296 1370 solutionem,
330 1288 454 1368 quando
485 1289 550 1352 voit
580 1290 726 1370 quianon
751 1289 876 1352 creavit.
928 1285 1012 1348 Deus
1044 1291 1163 1366 autam,
1191 1283 1280 1362 quito

97 1395 226 1484 oroavit,
255 1395 366 1460 matum
396 1415 458 1460 non
488 1395 621 1459 faciebat
651 1415 753 1479 nequo
784 1397 871 1474 iacit3
906 1391 1003 1480 [iacit]
1027 1390 1188 1456 honesturn
1213 1396 1243 1452 et

96 1498 228 1583 bonurn,
262 1501 363 1568 bonus
388 1506 468 1566 enirn
498 1505 550 1585 qui
574 1503 655 1568 iacit.
715 1503 773 1578 Oui
808 1509 908 1567 autern
941 1502 1038 1564 tactus
1070 1507 1118 1562 ost
1150 1497 1242 1562 trono

97 1608 208 1672 animat
232 1629 308 1674 suae
330 1610 491 1693 potestatis
514 1617 598 1694 erat,
634 1629 697 1676 non
729 1611 935 1676 dominantem
960 1615 1092 1671 montem
1116 1604 1244 1689 habens,

94 1733 160 1780 non
185 1717 315 1782 consitio
341 1727 373 1782 et
397 1718 526 1800 imperio
550 1727 581 1783 et
603 1724 758 1800 potestate
781 1717 881 1780 omnia
905 1732 1069 1799 superans,
1092 1713 1148 1776 sod
1171 1731 1244 1776 aar·

94 1842 168 1887 vurn
192 1832 223 1886 ot
244 1826 346 1892 omnia
368 1824 486 1890 habens
509 1825 702 1904 advorsaria;
737 1827 788 1906 qui
817 1841 885 1886 oum
915 1841 991 1888 suae
1012 1823 1174 1904 potestatis
1196 1821 1281 1899 sit‚oo

94 1929 206 1992 malurn
237 1931 418 2016 adponant,
457 1932 537 2014 quod
564 1952 604 1996 ox
628 1934 778 1997 accidenti
799 1932 968 2016 perficitur,
1002 1949 1069 1994 ourn
1097 1930 1136 1992 sit
1161 1927 1244 2010 nihii,

94 2037 156 2100 nisi
178 2037 291 2118 iacias3
323 2034 395 2102 dum
418 2040 499 2102 eninr
530 2041 669 2104 votumus
699 2051 730 2106 et
759 2042 941 2105 arbitramur
969 2035 1093 2119 aliquod
1123 2035 1244 2118 malurn,

97 2143 208 2208 malurn
231 2148 418 2228 nominatur,
455 2145 539 2228 quod
571 2166 633 2212 non
664 2157 712 2214 est
734 2168 752 2213 a
774 2148 938 2230 principio,
971 2145 1027 2210 aed
1059 2144 1243 2210 adnascitur.

96 2250 156 2324 Qut
181 2269 248 2315 oum
271 2271 347 2317 suaa
369 2257 527 2336 potestatis
551 2257 602 2335 sit,
633 2254 686 2320 lox
709 2277 725 2320 a
750 2255 809 2319 doo
838 2253 1041 2318 definiebatur
1069 2249 1150 2314 haud
1174 2249 1243 2312 iru-

95 2362 175 2436 stra3
208 2377 276 2422 nonu
307 2362 332 2424 si
363 2379 425 2424 non
448 2370 555 2444 posset
577 2361 670 2427 homo
693 2362 774 2426 velte
804 2360 956 2442 utnulla,
987 2377 1042 2424 cur
1072 2360 1163 2440 otiam
1194 2357 1282 2420 texto

96 2463 296 2528 detiniratur‘t
340 2467 406 2530 Lax
429 2471 509 2532 anim
534 2469 656 2533 animali
679 2469 807 2532 rationis
831 2469 950 2549 experti
976 2485 1039 2530 non
1071 2463 1245 2549 definiatur,

95 2569 154 2632 aad
185 2569 305 2634 tronum
337 2581 368 2635 ot
395 2574 565 2660 flagellum,
600 2575 716 2640 homini
744 2593 819 2638 vero
855 2579 1053 2656 praeceptum
1085 2579 1116 2636 et
1142 2589 1244 2654 poena

97 2675 232 2738 faciendi
262 2680 342 2758 quod
373 2680 488 2745 iussum
519 2687 565 2744 eat
592 2690 624 2746 et
646 2700 709 2748 non
733 2680 876 2748 faciendi.
930 2681 1007 2745 Huic
1035 2679 1087 2742 lox
1119 2677 1242 2743 definito

98 2790 147 2846 aat
174 2802 230 2865 por
262 2785 359 2851 iustos
389 2789 473 2852 viros
505 2789 688 2872 antiquitua;
724 2793 851 2874 propius
875 2811 890 2854 a
915 2793 1022 2852 nostra
1056 2794 1157 2850 aetatu
1187 2805 1244 2868 par

98 2897 169 2954 anto
193 2891 305 2958 dicturo
329 2895 463 2979 Mosam,
494 2898 588 2960 virurn
614 2899 694 2979 piurn
720 2908 750 2963 et
773 2917 790 2960 a
813 2897 873 2960 deo
897 2896 1057 2977 dilectum,
1089 2894 1140 2956 lex
1164 2893 1282 2956 deii-⁷⁰

98 2998 241 3062 aiebatur
264 3000 356 3082 plena
379 3006 532 3088 gravitate
556 3012 587 3068 ot
610 3007 734 3070 iustitio.
786 3003 903 3068 (iuncta
927 3010 1028 3068 autern
1050 3004 1132 3086 rapit
1154 3003 1244 3085 logos

99 3103 166 3189 dei,
191 3110 411 3192 primogenitus
433 3113 528 3193 patris
551 3130 640 3193 puer,
672 3132 735 3176 vox
765 3112 892 3194 lucifer,
927 3128 1007 3192 quaa
1030 3118 1101 3174 anto
1124 3109 1243 3174 stoltarn

99 3211 229 3274 Veneris
253 3221 309 3278 est.
368 3216 476 3281 Postea
506 3220 577 3281 iusti
608 3221 665 3283 viri
696 3223 863 3286 extiterunt
895 3219 983 3282 amici
1012 3218 1079 3298 dei3
1113 3217 1143 3280 ht
1165 3236 1243 3301 pro-

96 3317 209 3400 phetae
238 3324 338 3385 vocati
366 3334 454 3409 sunt,
489 3329 559 3408 quio
588 3335 836 3408 praemonstrant
866 3326 977 3391 sutura.
1032 3325 1149 3400 Quibus
1181 3344 1251 3390 non·

98 3454 212 3527 vipicano.
237 3453 306 3512 CM
446 3463 490 3516 72.
513 3463 627 3535 μάοτογξ
650 3459 672 3518 C
810 3467 855 3520 74.
878 3463 1030 3528 Ιπάνωθεν,
1048 3466 1140 3537 ἔγγιον
1167 3461 1245 3537 ἡμῶν

98 3547 155 3616 διὰ]
175 3548 315 3603 Ιπᾶνωθον
332 3555 514 3624 κινουμένων,
533 3556 570 3617 οἷς
588 3554 654 3609 orit
743 3556 788 3610 75.
807 3553 976 3616 notaturi]
1073 3559 1117 3610 77.
1137 3557 1182 3614 78.
1202 3553 1245 3612 Cf.

97 3638 211 3696 uttan.
239 3643 261 3708 i,
290 3643 331 3698 18.
353 3644 395 3699 ¹9.
424 3647 471 3700 troi
494 3647 588 3714 auriana
612 3649 657 3716 ἠν
681 3646 775 3718 φωνὴν
799 3647 874 3720 ἡμεῖς
896 3646 1049 3720 ἠκούσαμεν
1075 3649 1103 3711 tf
1128 3647 1246 3721 οὐρανοῦ

97 3736 254 3806 ἐνεχθεῖσαν
272 3735 319 3789 οὖν
344 3736 414 3810 αὐτῷ
431 3738 502 3802 ὄντες
531 3742 559 3794 ἐν
582 3739 616 3811 τῷ
642 3740 698 3812 ὅρον
719 3739 754 3812 τῷ
780 3740 864 3812 ἁγίῳ,
889 3740 934 3792 κατ’
958 3742 1055 3812 Ιχομον
1077 3742 1246 3814 βεβαιότερον

97 3827 143 3882 τᾶν
159 3828 324 3898 προφητικὸν
338 3829 435 3900 λόγον,
452 3819 474 3901 ᾤ
491 3830 578 3890 καλῶς
595 3833 689 3884 ποιοῖτο
707 3833 879 3904 προσέχοντος
902 3829 938 3891 ὥς
963 3833 1052 3905 λύχνῳ
1075 3835 1244 3904 patronatu

98 3921 230 3994 αὐχμηρῷ
249 3921 336 3994 τόπῳ,
357 3921 407 3983 ἕως
425 3911 456 3976 οὗ
474 3921 559 3995 ἡμέρα
586 3923 717 3998 διαυγάσῃ
743 3925 789 3978 καὶ
818 3923 966 3995 φωσφόρος
995 3925 1115 3999 ἀνατείλῃ
1139 3929 1165 3981 ἓν
1188 3931 1244 3989 τοῖς

98 4015 225 4087 καρδίαις
242 4015 320 4088 ὑμῶν
336 4035 361 4069 ι.
380 4031 400 4069 τ.
417 4017 441 4068 λ.
562 4015 607 4072 78.
628 4034 685 4089 aqq.
719 4013 763 4073 Gt.
783 4033 844 4071 oum
863 4015 906 4070 hia
926 4014 1069 4087 Hippolyti
1088 4015 1187 4069 librum
1206 4016 1241 4071 do
1262 4087 1267 4095 ι

101 4103 210 4162 Christo
231 4117 259 4162 ot
277 4108 447 4163 Antichristo
467 4106 497 4181 s.
517 4108 544 4161 2.
563 4109 618 4173 tad.
639 4105 715 4164 Pani.
734 4108 838 4164 Anton.
858 4110 892 4164 do
915 4107 1035 4180 Lagardo
1055 4125 1082 4179 p.
1094 4111 1126 4174 ²3
1145 4107 1188 4163 ad.
1203 4107 1242 4164 Ιο.

99 4197 165 4254 Alb.
184 4195 291 4254 Fabrio.
312 4217 340 4271 p.
359 4203 396 4272 δ.)
437 4200 541 4268 Ἐπειδὴ
557 4201 610 4273 γὰρ
635 4203 662 4254 oi
685 4201 817 4275 partcipem
843 4201 976 4274 npopiprro
1002 4199 1143 4272 ὀφθαλμοὶ
1166 4202 1243 4274 ἡμῶν

101 4293 229 4365 ἐγένοντο,
248 4295 413 4367 προορῶντος
430 4293 476 4349 διὰ
494 4299 603 4356 πίστεως
614 4295 644 4349 τὰ
657 4294 701 4349 τοῦ
713 4293 794 4365 λόγον
811 4293 955 4366 μοοτῆριο·
972 4291 1028 4344 τινὰ
1042 4289 1131 4362 (iinon
1142 4289 1240 4363 coto.)

101 4385 148 4438 arai
166 4390 222 4446 ταῖς
238 4391 467 4459 μεταγενεστέροις
484 4393 589 4461 γενεαῖς
606 4385 782 4455 διηνόνησαν,
802 4385 833 4438 οὐ
850 4385 938 4457 μόνον
961 4384 992 4437 τὰ
1014 4386 1189 4458 παρῳχηκότα
1208 4390 1242 4441 ai·

102 4474 208 4543 πόντος,
227 4478 294 4534 ἀλλὰ
315 4481 363 4534 καὶ
387 4481 416 4534 τὰ
438 4481 561 4536 ἰνεοτῶπο
590 4480 637 4534 καὶ
662 4477 691 4532 ni
715 4479 843 4549 μέλλοντα
869 4476 1075 4548 ἀπαγγείλαντες
1101 4481 1190 4549 (εἶπον
1209 4509 1242 4520 -

103 4569 268 4644 ἀπήγγειλαν
287 4571 441 4628 Gudiannm
463 4570 557 4640 man),
577 4573 622 4624 iro
638 4570 676 4644 μὴ
693 4569 782 4641 μόνον
798 4569 962 4642 πρόσκαιρος
978 4571 1050 4625 οἶνον
1072 4570 1085 4624 ὃ
1111 4571 1247 4642 προφήτης
