3052 4984
561 342 729 404 llOE'l'lAlll.
773 341 965 404 omitum.
1270 336 1333 404 ⁴5³

186 509 248 574 lurn
285 512 376 578 aliam
407 522 585 596 generatum
619 521 651 578 et
679 513 872 594 passibilem
905 522 967 577 tum
1003 531 1078 576 veno
1108 511 1230 574 dicens:
1265 511 1333 576 llon
1370 553 1380 572 ,

186 626 273 698 pater
296 625 434 686 mortuus
456 626 518 704 ast,
549 617 606 684 sed
636 617 732 687 lilius:
764 617 816 683 tali
851 616 943 683 modo
971 624 1151 701 perpetuam
1182 616 1279 680 rixam
1301 618 1333 680 iu

187 723 277 806 plebe
298 725 451 792 sustinuit.
507 725 601 794 Cuius
624 726 752 792 consilia
785 744 852 790 curn
885 728 1153 810 cognovissemus,
1181 741 1240 790 nos
1271 740 1333 788 non

188 833 436 898 concedebamus
482 841 689 916 coarguentes
733 839 765 897 et
796 833 977 898 resistentes
1013 849 1069 916 pro
1102 833 1245 896 veritate:
1281 831 1333 915 qui

187 939 308 1006 delatus
330 939 368 1004 ad
391 942 593 1026 dementiam,
622 948 787 1026 propterca
811 939 893 1024 quod
927 957 1036 1006 omnes
1060 941 1127 1006 eius
1149 941 1371 1006 simulatiouieo

187 1047 418 1132 adsentiebant,
452 1067 510 1114 nos
544 1055 645 1115 autem
677 1067 758 1134 uon,
793 1049 913 1114 ditlteos
951 1065 1009 1113 uos
1039 1049 1188 1132 vocabat,
1220 1058 1333 1132 sponte

187 1173 335 1222 evomens
358 1159 457 1242 virus,
480 1157 563 1242 quod
586 1159 617 1222 in
638 1158 752 1224 intimis
775 1159 842 1221 cius
864 1157 1035 1222 visceribus
1055 1156 1178 1224 lutebet.
1198 1157 1333 1222 Huiusce

187 1265 279 1330 vitam
302 1265 402 1354 placet
424 1265 514 1330 nobis
537 1283 713 1350 exponere,
744 1267 814 1348 quia
839 1265 948 1330 audam
978 1273 1081 1330 eetute
1108 1284 1168 1347 qua
1189 1283 1247 1330 nos
1271 1283 1332 1329 ex-

189 1374 266 1448 titit,
298 1381 330 1438 ut
352 1373 489 1438 moribus
512 1373 582 1438 talis
605 1374 660 1437 viri
683 1373 842 1455 patefactis
875 1373 965 1438 lecile
998 1373 1198 1455 perspiciatur
1220 1378 1252 1435 et
1272 1373 1330 1436 iam

187 1481 224 1545 at
246 1481 302 1565 iis,
325 1482 378 1563 qui
401 1488 504 1547 mente
526 1481 656 1563 praediti
679 1491 766 1564 sunt,
798 1480 1002 1564 vilipendatur
1023 1478 1161 1544 haeresis
1183 1497 1238 1562 per
1261 1492 1368 1544 corneo

187 1596 339 1670 susceptu.
384 1588 439 1652 llic
463 1590 637 1672 martyrium
659 1588 732 1654 lecit
744 1588 894 1652 Fusciano
919 1587 1078 1670 praelecto
1100 1587 1184 1652 urlris
1205 1587 1331 1652 Rornae.

187 1693 295 1758 llodus
318 1703 419 1760 autem
442 1695 509 1759 eius
532 1697 666 1780 martyrii
689 1695 746 1760 luit
767 1694 956 1760 huiusmodi:

284 1799 332 1867 12.
384 1803 499 1867 Servus
541 1811 608 1868 erat
647 1801 839 1886 Carpophori
881 1803 1039 1869 cuiusdam
1082 1803 1139 1868 viri
1177 1801 1275 1868 tidelis
1312 1823 1330 1868 e

185 1909 296 1974 tamilla
321 1909 472 1974 Caesaris.
517 1909 736 1994 carpophorus
759 1913 804 1995 ei,
840 1913 951 1995 quippe
983 1911 1081 1990 fideii,
1109 1913 1237 1994 pretium
1268 1929 1329 1974 non

184 2037 310 2101 parvum
334 2019 544 2104 concredidit,
574 2020 723 2102 iussitque
755 2039 823 2084 eum
857 2019 976 2084 sibimet
1004 2019 1122 2084 lucrum
1151 2037 1261 2102 parare
1289 2035 1367 2086 exon

184 2130 379 2211 argentaria:
410 2129 462 2210 qui
492 2136 620 2212 accepto
652 2129 750 2211 pretio
774 2128 979 2213 argentoriam
1002 2128 1129 2192 instituit
1150 2128 1181 2192 iu
1203 2127 1329 2212 piscino,

184 2254 264 2319 quae
288 2242 418 2300 vocetur
440 2236 579 2320 publica,
614 2236 663 2300 cui
693 2237 841 2318 temporis
872 2253 1041 2319 progressu
1064 2252 1127 2299 non
1151 2253 1242 2318 parve
1268 2235 1328 2299 de-

185 2344 282 2426 posita
305 2363 322 2409 a
345 2343 445 2408 viduis
474 2352 505 2408 et
527 2343 673 2410 iratribus
707 2343 885 2408 concredito
916 2351 987 2408 sunt
1016 2350 1177 2426 praetextu
1206 2341 1328 2428 Carpo-

183 2450 282 2532 phori.
334 2452 363 2516 ls
385 2458 485 2517 autern
509 2451 650 2516 omnibus
680 2453 868 2533 consumptis
898 2452 929 2515 in
960 2453 1107 2538 angustiis
1136 2459 1212 2518 erat.
1270 2453 1327 2528 Qui

184 2577 252 2624 curu
276 2577 311 2622 ea
337 2558 479 2643 lecisset,
501 2577 562 2623 non
587 2558 698 2640 deluit,
729 2559 782 2640 qui
814 2556 1015 2642 Carpophoro
1038 2561 1251 2639 renunciaret;
1277 2559 1326 2624 tric
1351 2565 1363 2618 t

183 2674 285 2730 eutem
308 2667 379 2729 dixit
402 2684 437 2730 ee
460 2668 610 2732 rationem
633 2683 801 2748 reposcere
824 2665 862 2730 ab
889 2685 938 2731 eo.
982 2667 1093 2731 llerum
1121 2685 1224 2732 reruni
1247 2685 1326 2732 con-

181 2774 264 2836 scius
297 2771 438 2836 Callistus
469 2781 498 2836 et
528 2773 696 2855 pariculuru
726 2792 743 2836 e
773 2772 899 2838 domino
928 2774 1045 2838 instans
1076 2773 1266 2856 suspicatus,
1290 2795 1325 2839 se

182 2879 304 2944 abstulit
332 2879 437 2962 lugarn
468 2880 506 2946 ad
539 2899 625 2946 mare
656 2899 764 2946 versus
798 2881 933 2946 iaciens:
967 2883 1019 2964 qui
1049 2901 1118 2946 cum
1151 2901 1260 2946 navent
1294 2885 1324 2947 in

181 2990 273 3054 Portu
302 2989 472 3054 invenisset
507 2989 545 3054 cd
573 2988 747 3054 exeundum
781 2987 975 3073 expeditam,
1010 2990 1219 3076 proiecturus,
1262 2998 1360 3073 quot

181 3096 233 3162 illu
256 3103 323 3162 erat
343 3095 537 3180 proiectura,
566 3095 714 3162 ascendit.
772 3094 835 3162 Sed
858 3114 898 3160 ne
920 3097 964 3162 sic
987 3097 1108 3180 quidem
1142 3098 1239 3162 latere
1262 3115 1323 3180 po-

180 3205 254 3283 tuit3
283 3223 345 3270 non
368 3207 449 3270 enirn
472 3205 583 3289 deluit,
611 3206 663 3287 qui
684 3205 882 3269 renunciaret
909 3201 1108 3288 Carpophoro
1138 3223 1217 3287 queo
1243 3206 1322 3270 lecta

179 3319 278 3378 erent.
333 3312 362 3376 la
384 3321 485 3377 autern
508 3311 633 3376 adstans
655 3311 693 3376 ed
716 3319 835 3394 portum
859 3312 1030 3378 conabatur
1051 3313 1081 3378 in
1111 3332 1219 3378 navem
1249 3315 1322 3381 lerri

179 3423 322 3488 nuncium
345 3427 486 3504 secutus,
509 3439 547 3487 ea
570 3429 670 3485 autern
686 3419 837 3486 collocata
852 3428 920 3486 erat
934 3421 965 3485 in
982 3419 1083 3487 medio
1098 3429 1198 3504 portu.
1242 3423 1322 3488 Por-

178 3531 269 3594 titore
296 3537 398 3594 autem
421 3535 561 3594 morante
583 3527 743 3612 Callistus,
765 3529 817 3610 qui
840 3545 858 3590 e
878 3527 1049 3612 longinquo
1079 3532 1240 3614 conspexit
1263 3530 1358 3596 tre-¹⁰

177 3656 261 3720 rum,
283 3655 351 3702 curn
375 3645 460 3702 essct
480 3637 511 3700 in
535 3637 606 3700 navi
628 3643 720 3718 atque
738 3637 939 3719 cognovisset
960 3653 996 3700 se
1019 3654 1090 3702 asse
1113 3647 1248 3723 captum,
1270 3640 1322 3703 vi·

177 3751 238 3809 tem
261 3746 373 3808 abiecit
395 3752 427 3810 et
448 3744 527 3808 heac
548 3751 684 3808 extreme
708 3761 780 3806 csse
802 3751 911 3826 putans
940 3761 976 3807 so
1004 3745 1035 3808 ln
1058 3763 1143 3809 mare
1166 3746 1323 3829 proecipi-

178 3968 367 4042 sequantilvus.
404 3968 563 4026 Bunseuius
705 3970 733 4024 3.
752 3969 912 4044 ἀπαγγείλῃ]
931 3969 1113 4045 demolitos,
1133 3974 1252 4048 itemque
1272 3975 1322 4032 liu.

176 4061 208 4124 9:
235 4061 283 4116 sed
313 4061 363 4116 cir.
390 4062 438 4117 lin.
467 4063 503 4118 2⁰
531 4069 559 4117 et
581 4060 644 4116 lort.
670 4059 735 4116 huic
760 4063 803 4117 vel
828 4062 956 4134 scriptori
980 4064 1023 4120 -rel
1046 4065 1130 4121 aetati
1155 4068 1320 4124 condonan-

175 4153 238 4208 duru
259 4153 361 4227 aliquid
390 4154 418 4208 in
444 4153 531 4209 modis
556 4152 721 4225 usurpandis
746 4172 779 4209 ac
802 4157 990 4227 permutandis
1018 4155 1155 4213 licentiae.
1199 4157 1317 4233 Roepe-

175 4263 221 4300 rus
371 4248 399 4301 7.
419 4245 497 4319 ὅπου]
517 4243 579 4302 ὅποι
598 4243 742 4320 Roeperus
907 4249 934 4305 8.
953 4249 1034 4302 πλέον
1053 4247 1211 4322 Roeperus:
1229 4256 1317 4308 πλέων

175 4335 196 4392 C
214 4334 244 4391 Μ
262 4335 420 4394 Bunseuius
562 4339 602 4394 li.
621 4339 688 4395 κατὰ
706 4336 745 4415 rei]
771 4339 836 4394 κατὰ
854 4337 876 4395 C
894 4338 925 4395 Μ
946 4339 1100 4397 Bousenius
1230 4366 1318 4420 μεμη.

173 4431 285 4504 νυμὲνα]
317 4429 444 4504 Syllabae
478 4452 533 4505 μην
561 4447 659 4486 eaesae
688 4431 780 4487 tenuia
808 4432 921 4504 vestigia
951 4445 1107 4506 supersunt.
1125 4434 1155 4492 ld
1273 4441 1314 4496 12.

172 4522 309 4597 nippcdsv
328 4521 350 4580 C
533 4525 574 4582 tt.
598 4525 639 4580 ts.
659 4525 848 4598 συνειλῆφθαι]
867 4529 1043 4601 sumomonte
1063 4525 1083 4584 C
1102 4525 1131 4586 Μ
