3002 4958
451 298 682 358 nnnxmxttus
711 297 954 363 ANAXAGORAS.
1231 291 1269 362 il

124 481 144 526 a
169 461 306 542 partibus
328 471 430 526 terrae
454 465 613 530 altioribus
636 465 790 529 obtectum
814 471 844 528 et
863 473 991 549 propter
1014 467 1158 530 maiorem
1175 487 1193 530 a
1209 483 1271 529 no-

123 569 174 632 bis
186 569 358 632 distantiam
374 587 457 652 quae
470 573 594 636 incidat.
639 572 750 638 Stellas
763 579 938 636 autemnon
953 551 1130 636 calefacere
1144 580 1272 656 propter

124 675 370 760 magnitudinem
393 678 565 744 distantiae.
622 681 740 744 Ventos
769 685 871 742 eutem
901 681 1002 763 nasci,
1031 679 1154 761 quando
1190 696 1271 742 uon-

124 781 274 848 densatus
299 791 355 846 aer
376 792 560 849 extenuatus
583 786 716 870 luetur,
749 785 874 868 quando
899 793 997 850 autem
1021 803 1210 868 congressus
1233 787 1271 849 sit

126 897 158 952 ot
182 892 330 952 maiorem
353 891 384 952 iu
407 892 531 955 modum
554 909 695 976 crassus,
726 893 825 955 nubes
853 894 939 955 nasci
971 899 1002 954 et
1031 895 1070 955 ita
1099 894 1128 955 in
1162 901 1310 974 aquamttt

125 997 280 1060 converti.
325 995 511 1062 Grandinem
535 1007 635 1062 autem
658 997 742 1082 dari,
765 999 889 1081 mando
913 1017 992 1081 aqua
1017 1017 1033 1060 a
1057 999 1187 1062 nubibus
1211 997 1272 1060 de-

124 1102 185 1166 lata
209 1111 407 1187 concrescet,
441 1106 542 1168 nivem
571 1113 690 1188 eutem,
721 1105 844 1187 quando
875 1105 935 1168 baa
967 1109 1053 1188 ipsae
1084 1105 1272 1170 humidiores

125 1229 194 1272 eum
219 1211 280 1274 sint
301 1210 494 1295 coalescent,
515 1211 630 1276 lulman
653 1220 770 1296 autem,
793 1211 916 1294 querrdo
940 1213 1038 1278 nubes
1061 1213 1272 1277 discindantur

125 1335 183 1399 per
204 1317 265 1380 aim
288 1323 467 1402 ventorum,
491 1318 538 1381 bis
560 1320 641 1381 enim
665 1319 895 1383 discedentibus
917 1319 1048 1384 lucidum
1083 1327 1114 1384 et
1143 1323 1269 1404 ignitum

125 1426 263 1486 existere
285 1423 493 1506 splendorem.
543 1425 655 1488 lridem
689 1432 790 1488 autern
822 1427 907 1488 nasci
936 1425 1089 1490 solaribus
1118 1427 1213 1490 radiis
1240 1429 1310 1490 inas

125 1539 232 1594 aerem
255 1531 476 1594 consistentem
500 1533 695 1616 cadentibus,
718 1539 832 1596 motum
857 1539 956 1595 autem
979 1539 1081 1596 terrae
1104 1541 1186 1596 terra
1204 1552 1272 1595 me-

125 1638 226 1700 iorem
249 1637 279 1699 iu
303 1636 424 1701 modum
448 1641 603 1703 immutate
628 1657 685 1721 per
707 1639 943 1703 calefactionem
965 1646 996 1701 et
1014 1637 1272 1722 frigelaetionem.

124 1743 213 1808 llaec
233 1743 327 1828 igitur
347 1745 565 1809 Anaximenes.
609 1745 665 1808 ilie
688 1745 790 1809 duruit
813 1745 894 1808 circa
912 1761 1023 1807 annum
1037 1744 1165 1827 primum
1180 1745 1273 1826 quin-

125 1851 328 1934 quagesimae
349 1859 479 1916 octarae
502 1851 693 1936 olympiadis.

227 2063 300 2126 Post
333 2061 414 2125 bunc
446 2063 544 2125 oritur
581 2061 786 2146 Anaxagoras
833 2063 1011 2148 Hegesibuli
1048 2063 1294 2127 Clazomeniust

126 2169 184 2232 llic
217 2169 293 2234 dixit
313 2169 450 2232 universi
472 2169 651 2250 principium
685 2177 817 2232 mentem
852 2171 1089 2253 armunensem,
1123 2178 1154 2233 et
1181 2188 1272 2234 men-

125 2283 188 2340 tem
229 2275 350 2358 quidem
398 2274 599 2358 efficientem,
651 2277 806 2339 materiem
851 2285 952 2341 autem
986 2277 1119 2344 dentem.
1196 2275 1271 2339 Cum

125 2383 210 2446 enim
241 2389 347 2446 essaat
377 2384 479 2446 omnia
509 2381 612 2466 simul,
640 2401 726 2446 meus
757 2383 967 2448 interveniens
991 2384 1150 2467 disposuit.
1201 2383 1270 2446 lla-

126 2489 247 2554 terialia
280 2497 380 2554 autem
415 2491 562 2571 principia
595 2489 709 2554 induite
744 2491 875 2554 subesse
908 2496 940 2553 et
972 2491 1010 2554 ad
1049 2491 1295 2555 multitudinemt

127 2603 159 2659 et
182 2595 221 2658 ad
243 2595 440 2674 tenuitatem,
475 2595 589 2656 etenim
621 2593 671 2658 vel
693 2595 835 2658 tenuiora
869 2593 984 2658 iudnite
1018 2595 1099 2658 dicit.
1156 2595 1270 2658 llotum

128 2709 229 2764 autem
253 2700 409 2782 pertinere
431 2700 470 2763 ed
494 2701 612 2783 omnia,
642 2719 659 2762 a
683 2707 785 2762 menta
814 2699 932 2764 scilicet
954 2707 1053 2781 mota,
1082 2717 1273 2784 congresse-

127 2825 191 2890 qua
222 2823 295 2870 esse
328 2824 408 2888 quea
440 2805 610 2870 consimilia
647 2807 716 2870 sint.
768 2805 806 2870 lit
836 2805 981 2869 caelestia
1011 2805 1136 2888 quidem
1165 2814 1272 2868 ornata

127 2931 201 2978 esse
223 2914 262 2977 ab
286 2913 451 2978 orbiculari
474 2919 568 2976 motu.
621 2913 759 2976 llensum
793 2913 887 2997 igitur
915 2917 946 2974 et
973 2911 1126 2976 bumidum
1156 2918 1186 2974 et
1213 2909 1274 2974 ob-

127 3039 252 3086 scurum
276 3028 309 3084 et
331 3019 473 3103 frigidum
497 3028 528 3082 at
554 3021 656 3085 omnia
678 3021 787 3102 gravia
814 3037 984 3102 congressa
997 3037 1069 3082 esse
1082 3021 1112 3082 in
1133 3017 1313 3100 medianum

127 3149 168 3194 ex
191 3127 302 3212 qatbm
324 3129 480 3192 concretis
503 3135 614 3190 terram
637 3127 824 3211 substitisse,
854 3128 1007 3190 contraria
1031 3133 1132 3191 autem
1156 3126 1274 3210 borum,

127 3237 260 3302 calidam
285 3243 315 3298 et
338 3234 453 3299 clarum
478 3241 509 3296 et
531 3234 649 3298 aridum
672 3242 704 3296 et
725 3234 795 3298 leve
817 3236 847 3297 in
871 3235 1018 3298 ulteriora
1049 3233 1183 3298 aetheris
1208 3235 1273 3296 nisa

127 3361 210 3408 esea.
265 3343 390 3406 Terram
420 3349 519 3405 autem
543 3342 641 3426 ligura
664 3341 783 3423 planam
813 3357 884 3404 esse
907 3348 939 3404 et
960 3357 1088 3404 menore
1110 3340 1273 3421 pendulam

128 3457 258 3534 propter
280 3448 518 3533 magnitudinem
543 3455 574 3510 et
596 3454 761 3530 propterea
784 3446 867 3529 quod
891 3446 1003 3510 nullum
1028 3446 1107 3509 adsit
1129 3449 1221 3510 inane
1244 3454 1275 3508 ot

128 3559 200 3640 quia
225 3563 297 3640 aer,
327 3557 379 3638 qui
412 3557 452 3618 sit
483 3554 730 3638 robustissimus,
764 3554 843 3618 ierat
863 3555 1015 3618 invectam
1040 3561 1163 3618 terram.
1209 3553 1314 3618 ltu-n

128 3663 280 3728 midonum
301 3671 402 3726 autem
425 3663 456 3724 in
480 3669 561 3725 terra
585 3661 711 3742 primurn
736 3678 820 3724 uitare
844 3661 982 3723 extitisse
1007 3675 1166 3742 aquasque
1188 3661 1217 3721 in
1235 3677 1274 3723 eo

128 3773 386 3834 exsiccatae...
407 3768 580 3832 substitisse
603 3774 634 3829 ot
655 3767 702 3830 sic
725 3773 828 3830 natum
852 3783 922 3830 esse
945 3772 977 3828 et
999 3765 1038 3829 ab
1062 3765 1201 3830 amnibus
1223 3768 1275 3849 qni

126 3881 157 3942 in
181 3879 211 3942 id
236 3877 431 3942 deduxerint.
476 3875 592 3938 Amnes
615 3883 715 3937 autem
741 3881 770 3934 ot
794 3873 833 3936 ab
856 3873 1002 3936 imbribus
1025 3872 1167 3954 accipere
1196 3873 1275 3936 sob-

127 4079 308 4154 ffippolytum
336 4081 405 4138 baec
430 4081 521 4154 potius
548 4081 706 4153 scripsisse:
733 4079 779 4134 ersi
803 4080 904 4145 olidae
921 4079 968 4133 aci
984 4079 1154 4151 σμικρότητα·
1182 4079 1229 4132 aci
1246 4079 1276 4132 ad

125 4174 285 4248 cpeapdaapc
303 4174 358 4246 γὰρ
378 4173 475 4245 ἄπειρα
494 4175 563 4245 λέγει
676 4173 703 4226 8.
724 4173 750 4225 9.
770 4173 906 4226 συνελθεῖν
924 4171 953 4224 dd
974 4169 996 4224 L
1123 4171 1164 4224 ll.
1189 4171 1276 4240 βαρέα

125 4265 280 4321 salvinius:
298 4270 396 4337 papeia
413 4265 495 4336 vulgo
537 4291 539 4294 ·
624 4265 665 4318 ts.
686 4261 830 4334 lloaperus
848 4279 875 4333 p.
894 4263 956 4318 oto.
979 4263 1008 4316 ll
1029 4261 1136 4316 collatis
1155 4259 1274 4315 aliorum

124 4357 291 4428 scriptorum
318 4355 483 4410 testimoniis
500 4355 631 4410 lacunosa
649 4353 733 4406 rerba
752 4352 788 4406 ita
808 4352 911 4406 relisit:
936 4353 1144 4425 λξαεμωθλννων
1162 4347 1214 4402 dari
1231 4349 1275 4402 aad

124 4449 198 4516 iliae
216 4451 327 4504 lecim
345 4447 491 4502 demaine
592 4447 638 4500 ll.
658 4444 761 4499 ὑδάτων
780 4442 938 4516 lloeperus:
958 4444 1045 4498 staur
1062 4440 1144 4512 uulgo
