3050 4988
476 313 485 328 ·
572 295 820 360 venetrinum.
1203 293 1267 360 285

128 459 328 544 daemonum,
361 457 455 521 modo
478 460 598 522 animae
621 468 653 523 et
673 460 835 544 logorum,
869 461 921 542 qui
951 459 1170 546 quidemlogi
1198 468 1270 526 suut

127 585 260 650 superne
291 567 421 648 inspersi
454 584 471 630 a
503 567 662 632 Communi
689 567 867 649 pleromatis
902 567 1000 631 lructu
1031 576 1064 632 et
1091 566 1204 649 Sophia
1225 571 1268 637 in

127 672 209 736 hunc
229 672 383 756 mondum,
404 671 578 738 habitantes
601 676 631 737 in
644 693 778 757 corporo
796 673 906 738 choico
925 693 992 738 curu
1009 676 1120 758 anima,
1143 676 1267 756 quando

129 779 299 844 daemones
333 798 396 844 non
428 779 605 844 cohabitant
634 799 703 847 oum
732 783 842 845 anima.
886 781 954 845 lloc
976 788 1032 865 eat,
1055 782 1161 863 inquit,
1185 780 1269 863 quod

128 888 273 970 scriptum
304 893 351 950 est
380 887 410 948 in
440 888 610 969 scriptura:
640 887 741 953 ,Huius
766 890 815 950 rei
842 889 948 970 gratio
966 887 1056 968 liceto
1077 909 1180 970 pertua
1200 895 1306 954 erecti

127 996 172 1059 ud
192 998 280 1059 deum
302 1002 333 1058 et
349 1001 470 1076 potrem
491 1003 523 1057 et
543 996 697 1058 commoni
718 996 833 1058 domini
854 996 953 1058 nostri
978 995 1049 1058 Iesu
1072 996 1207 1073 Christi,
1235 1005 1270 1058 ut

128 1104 181 1166 det
200 1101 288 1166 oobir
309 1103 384 1166 deuo
405 1101 546 1164 debitore
568 1102 720 1164 Christum
741 1103 775 1164 iu
796 1103 944 1166 interiore
965 1103 1102 1181 homine,
1132 1102 1193 1168 hoc
1222 1112 1269 1166 est

130 1208 267 1290 animali,
296 1227 360 1274 non
382 1205 552 1288 corporali,
574 1214 608 1268 ut
626 1209 753 1287 possitis
775 1209 957 1292 intelligere,
974 1210 1056 1290 ,quid
1074 1210 1116 1271 rit
1133 1207 1269 1290 mosuo-

130 1317 211 1396 dum,
244 1314 328 1397 quod
352 1322 400 1378 est
421 1313 513 1376 Pater
533 1314 769 1396 universorum,
794 1321 825 1377 ct
844 1333 923 1396 quoe
945 1316 987 1377 rit
1007 1315 1153 1392 lutimdo,
1190 1331 1270 1396 quaa

130 1431 179 1489 est
200 1425 345 1507 Staurus,
366 1419 515 1486 terminus
539 1418 733 1501 pleromatis,
756 1427 810 1482 cut
832 1439 911 1501 quoe
932 1421 1107 1502 maqueda,
1140 1420 1201 1486 hoc
1223 1427 1308 1486 estro

129 1528 267 1612 pleroma
281 1543 423 1592 aeonum.
456 1509 624 1607 Propterea
637 1528 790 1609 unimodis,
801 1528 907 1610 iuquit,
917 1528 1076 1591 domomum
1084 1527 1218 1608 percipit
1231 1546 1272 1589 eo

130 1654 209 1720 quoe
230 1643 302 1698 aunt
319 1634 446 1716 spiritur
469 1634 540 1708 dei;
575 1634 705 1707 stultitia
726 1642 774 1697 cot
793 1637 874 1698 enim
896 1635 951 1698 illi.
1006 1633 1136 1701 Stultitia
1159 1640 1270 1714 autem,

130 1741 238 1825 inquit,
262 1745 310 1804 est
331 1745 469 1821 potestas
494 1738 659 1822 demiurgi,
691 1738 803 1804 stultus
823 1742 904 1803 enim
928 1747 995 1803 erat
1017 1747 1049 1803 at
1073 1739 1221 1820 insipidus
1244 1746 1274 1801 et

132 1847 316 1930 opinabatur
344 1864 379 1910 sc
408 1846 506 1928 ipsum
537 1846 680 1910 fabricari
709 1845 871 1928 mundum,
904 1849 1054 1930 ignorans
1084 1845 1272 1934 omnia·So-

133 1953 242 2036 phiam,
264 1959 402 2036 matrem,
424 1952 598 2038 ogdoadem
622 1953 746 2034 operari
768 1952 827 2016 sibi
850 1952 889 2016 ad
914 1953 1146 2016 fabricationem
1169 1951 1311 2015 mundior

133 2060 204 2124 nibil
226 2059 382 2124 sentienti.
727 2115 729 2119 ,
791 2104 793 2110 ,

218 2163 270 2230 35.
314 2163 429 2227 Omnes
458 2164 553 2246 igitur
581 2163 751 2246 prophetae
783 2169 815 2225 et
843 2163 898 2227 lex
924 2163 1020 2228 locuti
1041 2167 1112 2226 sunt
1135 2179 1190 2244 per
1213 2164 1273 2226 de-

133 2273 293 2354 miurgum,
316 2269 449 2352 stultum,
472 2271 578 2354 inquil,
602 2269 701 2352 deum,
724 2270 806 2334 stulti
830 2269 873 2332 nil
894 2273 1074 2334 sentientes.
1114 2251 1274 2351 ⁴Propter-

133 2399 187 2464 en,
211 2379 318 2462 inquit,
341 2379 381 2440 ait
403 2378 513 2442 Soter:
547 2375 667 2457 Omnes,
691 2376 743 2455 qui
765 2383 837 2437 unte
858 2394 906 2437 me
927 2381 1085 2454 uenerunt,
1106 2374 1277 2455 furescunt

132 2495 164 2550 ct
185 2487 331 2560 latrones,
354 2491 385 2548 et
407 2481 591 2566 Apostolus:
623 2482 807 2564 mysterium,
829 2482 913 2562 quod
927 2481 1084 2562 prioribus
1106 2485 1193 2546 ceeia
1213 2487 1314 2546 monto

132 2594 274 2658 innotuit.
317 2589 415 2654 Nemo
440 2589 535 2669 onim,
568 2587 684 2668 inquit,
712 2607 752 2650 ex
775 2586 934 2670 prophetis
958 2586 1031 2651 dixit
1053 2587 1092 2652 de
1112 2586 1158 2650 hia
1181 2586 1276 2669 quid-

133 2715 235 2782 quam,
259 2715 340 2778 quae
363 2713 420 2759 nos
444 2693 588 2776 dicimus,
610 2692 832 2774 ignorabantur
854 2693 949 2772 enim;
972 2694 1075 2757 omnia
1098 2741 1105 2757 .
1130 2741 1137 2756 .
1161 2740 1169 2757 .
1194 2737 1201 2754 .
1223 2699 1277 2756 ut-

133 2811 208 2889 pote
229 2823 286 2886 par
308 2804 408 2868 solum
431 2801 621 2886 demiurgum
651 2801 740 2864 dicta.
798 2782 961 2879 Postquam
991 2798 1086 2883 igitur
1115 2797 1153 2862 ad
1184 2796 1276 2860 inem

133 2909 276 2992 pervenit
298 2909 426 2992 creatio,
452 2916 481 2972 ct
504 2907 642 2991 oportuit
664 2907 811 2987 deinceps
839 2904 971 2969 revelari
1001 2903 1081 2967 illios
1114 2902 1182 2986 dei,
1215 2901 1277 2966 hoc

135 3023 184 3080 est
205 3015 373 3098 demiurgi,
394 3013 456 3078 hoc
478 3023 527 3079 est
542 3014 757 3079 'conditionem
781 3012 928 3094 velatam,
954 3028 1023 3094 qua,
1045 3012 1150 3094 inquit,
1176 3008 1316 3073 obre-to

134 3122 215 3186 latos
241 3130 307 3185 crat
329 3121 466 3185 animalis
488 3119 582 3185 homo
606 3119 772 3202 habuitque
794 3120 934 3183 velamen
952 3135 1046 3200 super
1062 3124 1278 3197 cor-post·

137 3229 342 3312 quam-igitur
365 3231 501 3310 oportuit
524 3226 588 3292 tolli
621 3226 762 3290 uelamen
785 3226 986 3308 conspicique
1016 3224 1093 3288 haec
1123 3223 1279 3312 mpsterin,

137 3343 226 3401 natus
258 3343 307 3398 est
332 3332 418 3399 lesus
440 3351 497 3415 per
520 3333 644 3396 hiarium
667 3334 819 3415 virginem
842 3330 1012 3398 secundum
1035 3329 1066 3394 id
1091 3328 1174 3410 quod
1197 3330 1280 3392 scri-

136 3446 219 3524 ptum
243 3446 307 3504 est:
342 3441 478 3522 Spiritus
498 3449 623 3524 sauctus
644 3442 839 3522 superveniet
860 3441 893 3502 iu
915 3446 944 3502 tc
974 3437 1108 3521 (spiritus
1140 3441 1188 3500 cst
1217 3433 1281 3499 So-

137 3594 211 3666 παρᾶ
229 3596 264 3668 rpi
281 3597 336 3667 omi
352 3593 399 3649 ucri
415 3595 495 3667 πατρὶ
517 3593 565 3648 rori
586 3598 679 3666 κυρίαν
702 3593 780 3667 ἡμῶν
798 3592 882 3660 Ἰησοῦ
906 3592 1024 3662 Χρισωῢ
1049 3588 1138 3663 Orig.)
1159 3626 1212 3643 ...
1236 3589 1282 3642 l'uu

137 3689 177 3760 δῷ
195 3687 263 3760 (δῴη
281 3687 331 3756 al.)
349 3685 417 3760 ύμῖν
433 3686 499 3742 κατὰ
515 3686 543 3741 ri
560 3686 671 3749 πλαῢως
686 3687 729 3754 τῆς
747 3685 825 3753 δόξης
845 3685 924 3740 atrei
950 3683 1065 3756 δυνάμει
1082 3681 1284 3756 κραταιωθῆναι

138 3780 185 3835 διὰ
201 3781 247 3835 rori
262 3779 411 3852 πνεύματος
429 3779 509 3833 αὐτοῦ
526 3780 563 3840 ric
587 3778 631 3833 rhu
655 3781 705 3833 icor
731 3778 894 3851 ἄνθρωπον,
925 3776 1078 3842 nummulum
1100 3773 1144 3828 riu
1167 3771 1284 3846 Χριστὸν

139 3872 185 3926 διὰ
202 3872 244 3939 ric
260 3874 370 3934 πίστεως
387 3873 416 3926 ἐν
432 3875 488 3932 ταῖς
505 3871 630 3942 καρδίαις
646 3869 739 3943 ὑμῶν,
758 3871 788 3924 iu
805 3867 896 3942 ἀγάπῃ
914 3868 1087 3940 ἐρριζωμένοι
1110 3866 1157 3919 καὶ
1179 3871 1285 3937 nispe

138 3965 274 4037 λιαιμὲνοι,
285 3965 331 4017 ἵνα
344 3963 488 4035 ἐξισχύσητε
506 3964 702 4033 καταλαβέσθαι
719 3962 836 4034 (γνῶναι
846 3957 939 4030 O'rig.)
957 3959 1007 4014 σὺν
1019 3959 1102 4013 πᾶσιν
1116 3962 1170 4020 ταῖς
1187 3958 1285 4030 ἁγίαις,

138 4059 163 4110 ri
179 4055 317 4118 rdmloiroc
333 4055 380 4110 uui
396 4055 481 4128 μῆκος
497 4054 544 4108 καὶ
559 4053 632 4123 ὕψος
648 4054 695 4108 uui
712 4054 800 4124 βάθος
818 4091 827 4108 .
846 4091 880 4106 ..
1009 4053 1053 4106 db.
1082 4045 1159 4125 ὑμῖν]
1178 4045 1285 4121 ἧμῖνῦ

141 4151 257 4204 'to-72.
279 4145 371 4202 iCor.
389 4148 415 4212 2.
436 4147 479 4202 ld.
594 4147 639 4200 rt.
659 4141 798 4207 oido'rrrc
912 4143 956 4199 78.
976 4142 1021 4197 79.
1039 4139 1091 4196 Er.
1115 4139 1160 4194 Jo.
1188 4141 1229 4203 to,
1250 4141 1283 4195 dr

140 4239 240 4300 Πάντες
258 4236 317 4294 ὅσοι
334 4232 417 4306 ἦλθον
439 4237 493 4308 πρὸ
510 4236 592 4308 epae,
616 4237 722 4292 κλέιηαι
744 4236 810 4291 siaiu
830 4235 884 4290 aci·
899 4237 991 4308 λῃσταί
1113 4233 1158 4287 tu.
1175 4231 1221 4286 80.
1242 4228 1284 4285 Cl.

139 4325 244 4402 Epher.
263 4331 289 4397 3,
308 4331 335 4384 9.
357 4330 400 4384 10.
430 4326 510 4384 Rom.
532 4327 574 4392 ld,
592 4328 638 4382 25.
727 4328 774 4386 82.
802 4313 870 4382 Post
893 4326 980 4382 naim
997 4324 1130 4399 quaedam
1149 4323 1284 4377 excidisse

141 4419 276 4477 ridentur.
396 4420 443 4477 88.
467 4415 644 4493 yayr'rpaurC
