3006 4976
586 324 897 385 astnotttuosorttt.
1063 377 1071 392 ,
1243 317 1303 385 121

166 497 268 553 autern
300 495 442 552 creatora
473 491 642 553 secundum
672 491 840 575 Christum,
873 507 930 572 per
959 507 1047 571 quam
1076 507 1309 574 regeneramur,

169 595 254 676 quod
283 605 331 660 est
360 596 573 680 Anguitenens
602 598 757 662 reluctans
779 597 891 662 beluae
916 605 947 660 et
968 597 1138 678 impediens
1160 615 1308 660 coronam

170 701 342 786 attingere,
375 719 455 784 quae
488 711 633 785 apparata
663 711 710 767 est
736 703 860 767 homini.
905 703 1015 786 hlagna
1038 711 1139 767 autem
1163 703 1239 767 Ursa
1263 709 1311 767 est

169 807 289 892 llelica,
312 810 425 891 inquit,
449 827 580 892 magnae
603 818 765 874 creaturae
788 812 926 892 signum,
958 808 997 873 ad
1020 829 1110 892 quarn
1133 809 1311 892 navigatio-

170 931 241 978 nem
265 913 402 998 dirigunt
424 917 544 1001 Graeci,
566 916 628 981 hoc
651 917 759 981 estad
783 935 873 998 quam
897 917 1095 981 instituuntur
1118 924 1149 980 et
1169 935 1227 999 per
1248 917 1349 981 lla-tt

171 1028 239 1086 ctus
259 1024 340 1086 vitae
362 1025 472 1104 portati
496 1030 681 1108 sequuntur,
710 1030 853 1106 tanquam
881 1023 1014 1088 volutam
1044 1023 1196 1104 quandam
1219 1023 1310 1086 talem

171 1136 344 1193 creaturam
373 1131 424 1193 vel
456 1129 646 1212 disciplinam
674 1129 723 1196 ael
751 1131 931 1212 sapientiam
961 1137 1045 1194 retro
1069 1129 1232 1194 ducentem
1255 1145 1311 1194 eos

173 1237 225 1317 qui
247 1243 417 1316 sequuntur
438 1235 530 1300 talem
552 1241 734 1302 creaturam.
779 1237 890 1302 Versio
914 1239 994 1300 enim
1018 1236 1168 1319 quaedam
1188 1233 1312 1300 Helicae

173 1343 337 1424 appellatio
358 1351 392 1407 et
414 1345 567 1408 revolutio
591 1343 629 1408 ad
651 1345 758 1409 eadem
783 1361 854 1408 esse
878 1343 1007 1409 videtur.
1059 1343 1180 1428 Exigua
1210 1350 1312 1406 autem

172 1449 322 1532 quaedam
348 1449 442 1515 altera
465 1451 542 1515 Ursa
565 1459 710 1532 tanquam
732 1453 835 1536 imago
859 1451 1006 1534 quaedam
1030 1451 1154 1516 alterius
1173 1451 1350 1514 creatio-to

173 1557 220 1619 nis
242 1556 411 1620 secundum
435 1557 525 1621 deum
549 1557 703 1622 conditae.
743 1559 834 1622 Pauci
851 1559 940 1640 enim,
963 1559 1070 1642 inquit,
1092 1566 1171 1638 sunt,
1195 1557 1246 1640 qui
1257 1575 1313 1638 per

174 1671 335 1747 angustum
366 1666 515 1728 tramitem
546 1664 703 1730 incedunt.
778 1666 949 1752 Angustam
978 1671 1079 1730 autem
1110 1665 1215 1730 dicunt
1242 1681 1326 1729 esse.

173 1769 405 1854 Cynosuridem,
430 1771 468 1835 ad
491 1789 581 1853 mam
603 1772 717 1836 Aratus
741 1773 886 1837 Sidonios
910 1773 952 1836 ait
974 1773 1202 1856 navigationem
1221 1771 1333 1836 mstis

172 1884 270 1941 tuere.
314 1877 458 1942 Sidonios
481 1885 580 1942 autem
604 1899 644 1942 ex
666 1885 754 1961 parta
775 1880 887 1943 Aratus
915 1879 991 1943 dixit
1019 1878 1205 1960 Phoenices,
1236 1895 1314 1961 pro-

174 1993 281 2066 pterea
314 1985 397 2066 quod
427 1984 615 2052 Phoenicum
642 1986 792 2067 sapientia
822 1985 1007 2052 admirabilis
1037 1991 1104 2068 est,
1142 1985 1352 2050 Phoeniceum

174 2099 274 2155 autem
298 2109 369 2156 esse
392 2093 504 2157 Graeci
526 2093 631 2156 dicunt
654 2110 720 2176 eos,
743 2094 796 2176 qui
818 2094 855 2157 ab
878 2095 972 2158 rubro
996 2093 1072 2156 mari
1094 2093 1188 2158 sedes
1209 2101 1315 2158 trans-

175 2199 310 2264 tulerunt
332 2201 362 2264 in
387 2217 457 2263 eum
479 2200 591 2284 locum,
614 2217 704 2282 mrem
729 2201 820 2265 etiam
840 2218 922 2264 nuno
942 2199 1128 2278 inhahitant3
1158 2199 1218 2263 hoc
1234 2201 1316 2262 enim

174 2305 335 2370 llerodoto
359 2307 468 2388 placet
514 2305 677 2389 Cynosura
700 2315 811 2390 autem,
831 2310 937 2393 inquit,
960 2307 1038 2372 haec
1060 2303 1148 2391 Ursa,
1172 2313 1314 2370 creatura

174 2413 329 2498 secunda,
358 2431 470 2498 parva,
501 2421 649 2496 angustus
672 2421 801 2498 trames,
835 2421 866 2477 et
888 2431 950 2476 non
973 2413 1088 2478 Helice.
1142 2413 1210 2477 Non
1236 2413 1315 2476 enim

173 2527 342 2585 retrorsum
367 2521 469 2606 ducit,
491 2521 548 2586 sed
571 2539 699 2602 prorsus
720 2527 805 2586 recta
827 2521 877 2584 via
901 2539 958 2584 eos
981 2523 1032 2602 qui
1054 2529 1226 2602 sequuntur
1247 2531 1354 2582 ma-to

176 2628 311 2712 nuducit,
335 2629 449 2711 quippe
471 2647 552 2711 quae
575 2631 614 2692 sit
636 2627 740 2702 κυνός.
785 2627 880 2691 Κύων
902 2627 983 2690 enim
1006 2627 1097 2710 logus
1120 2635 1182 2711 est,
1209 2627 1316 2708 partim

175 2736 353 2798 custodiens
377 2743 408 2798 et
429 2753 558 2800 servans
582 2753 726 2821 gregem,
756 2735 805 2799 cui
839 2734 1022 2798 insidiantur
1050 2734 1128 2817 lupi,
1161 2734 1269 2815 partim
1300 2749 1317 2794 a

176 2849 317 2907 creatura
347 2843 454 2906 beluas
483 2852 627 2926 tanquam
652 2843 738 2907 canis
764 2859 883 2906 venans
905 2847 935 2904 et
958 2840 1178 2923 pessumdans,
1211 2839 1317 2922 partim
1339 2911 1348 2926 ι

178 2967 332 3034 generans
355 2957 463 3013 cuncta
487 2958 526 3035 et,
550 2950 633 3032 quod
655 2947 864 3035 amatarius,
888 2948 948 3014 hoc
967 2957 1014 3012 est
1031 2964 1197 3032 generans.
1230 2945 1317 3032 ilinc,

177 3057 279 3141 aiunt,
310 3058 424 3122 Aratus
455 3058 494 3121 da
522 3066 591 3121 ortu
621 3055 712 3121 canis
740 3057 873 3140 loquens
899 3056 975 3120 dixit
1003 3055 1064 3119 hoc
1085 3053 1199 3119 modo:
1234 3053 1357 3122 eonem

177 3171 278 3226 cutem
299 3171 367 3227 orto
389 3183 451 3228 noo
473 3167 536 3227 man
558 3176 676 3245 segetes
698 3166 842 3227 mentitae
863 3173 942 3227 sont.
993 3163 1060 3226 lloo
1083 3169 1130 3226 est
1153 3159 1234 3244 quod
1258 3162 1318 3224 ait:

179 3273 295 3334 semina
319 3272 458 3335 coniecta
482 3273 513 3334 in
536 3277 649 3335 terram
674 3289 772 3354 usque
796 3270 833 3334 ad
860 3271 952 3335 Canis
975 3278 1074 3334 ortum
1104 3287 1218 3354 saepe,
1251 3287 1318 3333 cum

177 3375 298 3440 radices
328 3395 390 3442 non
419 3385 572 3462 egerunt,
605 3385 709 3441 tamen
739 3377 943 3441 eldoruerunt
970 3377 1051 3441 loliis
1073 3385 1105 3440 et
1126 3376 1321 3440 manifestant

178 3484 420 3566 inspectantibus
444 3501 479 3547 se
501 3483 571 3548 iore
592 3483 749 3549 fructuosa
774 3492 805 3547 et
827 3491 976 3567 apparent
997 3485 1149 3568 vigentia,
1174 3501 1238 3548 non
1260 3481 1320 3547 ha-

177 3589 282 3654 bentia
306 3593 397 3656 vitam
420 3609 437 3654 a
458 3593 565 3656 radice
587 3594 618 3655 in
640 3593 734 3673 ipsis;
768 3592 818 3656 ubi
842 3599 943 3656 autem
973 3589 1064 3655 Canis
1088 3597 1174 3654 ortus
1198 3591 1272 3673 erit,
1302 3607 1360 3657 ato

179 3697 264 3761 Cane
290 3715 369 3780 quae
399 3699 505 3761 vivunt
532 3717 549 3762 a
577 3701 705 3762 mortuis
729 3698 965 3777 discernuntur;
995 3704 1141 3762 arescunt
1162 3697 1242 3760 enim
1264 3715 1320 3760 re-

178 3823 251 3868 vera
275 3822 480 3887 quaecunque
502 3805 622 3869 radices
643 3823 705 3867 non
730 3811 871 3887 egerunt.
916 3805 971 3869 llic
992 3805 1100 3889 igitur,
1120 3805 1235 3889 inquit,
1257 3802 1320 3867 Ca-

180 3913 226 3974 nis
249 3929 318 3975 com
339 3912 430 3994 logus
453 3911 576 3993 quidam
602 3914 640 3976 sit
663 3911 803 3986 divinus,
833 3912 971 3975 rivomm
1005 3917 1036 3976 et
1059 3917 1246 3974 mortuorum
1269 3911 1320 3974 iu-

179 4079 316 4137 Herodct.
336 4079 411 4136 Hiat.
430 4081 452 4148 l,
473 4085 496 4136 l.
515 4079 544 4136 hl
652 4083 696 4136 66.
721 4081 811 4153 κυνὸς]
834 4085 914 4143 adme
938 4077 960 4134 C
977 4076 1008 4136 M
1122 4081 1165 4135 ta.
1190 4081 1321 4152 patainei

179 4170 221 4236 ῦς
239 4171 317 4228 Atat.
328 4193 353 4229 a.
367 4177 421 4231 332
439 4193 516 4248 ηψπ
536 4173 620 4228 odaiae
636 4177 725 4236 ativae
742 4171 791 4246 (ac.
809 4172 930 4245 talpona)
949 4167 995 4244 ἅμ’
1014 4171 1091 4243 ἠελίῳ
1109 4169 1219 4224 ἀνιόντα
1239 4171 1250 4226 ll
1269 4189 1320 4240 pu-

178 4265 265 4318 nituri
282 4265 427 4334 ψεύδονται
438 4267 556 4322 damete
569 4264 748 4337 potandam·
769 4261 781 4332 ΙΙ
803 4262 863 4335 daie
875 4260 931 4334 γὰρ
944 4254 993 4314 οὖν
1003 4261 1143 4334 &praedati
1158 4265 1248 4333 στίχας
1260 4260 1322 4321 ὀξὺς

178 4355 266 4422 mus»
286 4362 300 4428 il
318 4357 365 4412 aut
381 4359 412 4413 ari
429 4359 481 4432 pir
498 4361 626 4432 ἔρρωσεν,
650 4357 701 4412 ratu
718 4357 747 4412 dt
767 4353 856 4426 φλόον
873 4353 951 4408 olim
968 4353 1063 4409 πάντα.
1174 4355 1219 4409 76.
1244 4353 1272 4408 d’
1293 4351 1320 4424 ti]
