3002 4958
604 306 809 368 titubantem.
1259 305 1279 368 7

129 488 215 548 mus5
248 469 304 533 sad
332 488 372 532 oe
401 473 484 536 amni
519 473 643 553 quidem
673 473 775 537 animo
803 483 895 558 atqua
927 493 1062 558 corpore
1097 473 1276 537 laborantes
1389 529 1394 541 ,

128 577 289 641 deficimus
323 577 417 660 dignu
441 579 536 662 dipsa
558 580 619 643 deo
640 579 783 645 benefico
806 590 913 648 nostro
940 581 1074 647 reddere
1096 582 1217 663 conati,
1245 586 1276 642 et
1390 639 1399 656 ,

128 701 171 746 ne
201 685 246 746 sic
275 683 397 766 quidam
427 701 483 764 pro
517 687 626 750 marito
658 695 912 772 remunerantes,
947 690 1005 752 nisi
1046 687 1129 770 quod
1162 689 1192 751 in
1230 687 1275 752 als

128 807 212 871 praua
233 791 324 854 nobis
343 791 523 856 concredita
536 801 608 856 sum
630 811 693 856 non
717 779 905 884 deiciemus,
927 795 981 858 sed
1004 803 1130 860 nostrae
1154 811 1274 876 oppor-

130 899 269 962 tunitatis
290 897 414 962 modurn
438 898 632 984 impleamus,
655 907 686 964 at
707 901 856 984 quidquid
880 902 1040 984 praebebit
1060 910 1184 968 sanctus
1207 905 1314 984 spi-to

126 1008 204 1070 ritus
227 1023 295 1070 cum
319 1006 462 1070 omuibus
496 1007 572 1071 citra
600 1007 742 1072 invidiam
770 1013 1045 1087 communicassem
1081 1028 1144 1072 non
1176 1009 1275 1073 solum

126 1112 228 1177 utiam
251 1112 416 1195 arguendo
433 1114 465 1176 in
486 1113 587 1178 lucem
610 1115 820 1200 proterentes,
841 1117 897 1180 sed
921 1116 1013 1182 adana
1028 1114 1174 1198 qutaputt
1189 1117 1274 1178 vari·

127 1229 175 1284 tas
197 1237 255 1302 par
275 1223 370 1302 patria
393 1223 522 1304 gratiam
545 1229 706 1305 acceptura
729 1222 900 1288 bominibus
922 1224 1118 1307 ministravit,
1141 1221 1221 1286 baec
1243 1231 1275 1286 at

126 1346 185 1410 per
204 1326 381 1394 manen
401 1328 610 1410 significantes
635 1337 667 1392 et
687 1348 743 1413 par
764 1331 881 1395 litteras
904 1331 1105 1396 testificantes
1126 1332 1196 1394 sina
1216 1347 1274 1394 ra·

126 1435 206 1500 bora
237 1435 459 1518 praedicamus.
514 1437 583 1512 Quo
613 1437 722 1520 igitur,
751 1441 829 1502 sicm
857 1457 950 1520 supra
983 1438 1129 1523 diximus,
1162 1437 1314 1504 atheosse

125 1543 196 1606 illus
220 1543 420 1608 ostendamus
443 1551 475 1606 at
497 1544 743 1610 adsentantium
773 1551 805 1608 et
827 1545 867 1609 ad
895 1563 998 1609 mores
1032 1552 1063 1609 et
1094 1544 1132 1608 ad
1164 1562 1273 1628 opera,

126 1657 159 1714 et
173 1640 270 1716 ‘sade
300 1657 428 1716 coaetos
459 1669 567 1718 aarum
596 1651 731 1733 proiecti
753 1654 830 1736 sim,
864 1669 923 1714 nec
951 1651 1118 1733 quidquem
1146 1667 1201 1714 aas
1234 1667 1275 1714 ex

124 1759 225 1822 sacris
246 1759 404 1839 scripturis
427 1767 580 1823 mutuatos
602 1759 681 1822 baec
704 1759 893 1841 periclitatos
914 1775 1002 1842 assa,
1025 1763 1079 1822 aut
1098 1759 1196 1822 sancti
1212 1757 1273 1820 ali-

125 1866 215 1930 cuius
236 1867 468 1930 successionem
492 1866 695 1931 observantes
718 1866 756 1930 ad
781 1865 858 1930 baec
881 1865 1001 1930 delatos
1024 1881 1110 1948 esse,
1132 1863 1189 1928 sed
1213 1863 1274 1928 de-

125 1981 212 2037 cretu
235 1973 355 2037 illorum
379 1975 560 2055 principium
584 1993 624 2037 ex
658 1975 846 2038 Graecmum
877 1975 1025 2056 sapientia
1053 1972 1198 2058 duxissa,
1233 1991 1311 2042 exre

124 2079 281 2164 dogmatis
302 2079 492 2163 pbilosophis
515 2089 546 2144 et
568 2081 721 2164 mysteriis
743 2083 867 2146 tentatis
894 2089 927 2146 et
949 2082 1114 2165 astrologis
1137 2083 1272 2145 eircum-
1308 2061 1316 2072 ¹

124 2187 324 2270 vagantibus:
347 2187 448 2270 placet
470 2186 563 2272 igitur
586 2191 669 2270 prius
692 2189 841 2271 expositis
865 2189 1054 2256 Graecorum
1067 2187 1272 2270 pbilosopho-

123 2311 191 2358 rum
215 2293 332 2376 placitis
355 2295 523 2358 ostendere
546 2295 671 2360 lecturis
694 2313 764 2361 esse
787 2295 834 2360 bis
858 2297 1031 2380 antiquiora
1066 2305 1098 2360 st
1126 2295 1165 2360 ad
1189 2294 1270 2358 diri-

125 2420 198 2466 num
220 2419 335 2465 numen
356 2403 529 2486 sanctiora,
552 2403 682 2485 posthac
704 2403 850 2468 conferre
871 2403 1010 2487 singulas
1031 2402 1180 2468 haereses
1203 2417 1270 2465 curn

124 2508 270 2592 stupetis,
294 2509 451 2590 quomodo
476 2509 522 2572 bis
544 2510 705 2574 conatibus
728 2511 954 2591 superueniens
983 2510 1099 2592 primus
1128 2509 1310 2574 conditoria

125 2615 264 2678 baeresis
285 2615 361 2679 lucri
383 2615 494 2679 lecerit
515 2623 661 2697 repetens
684 2616 832 2698 principia
865 2625 897 2678 et
919 2635 959 2678 ex
982 2617 1028 2679 bis
1051 2617 1091 2680 ad
1114 2616 1271 2680 deteriora

126 2720 273 2803 delapsus
296 2721 410 2805 dogma
439 2722 632 2787 confinxerit.
681 2723 735 2786 liat
756 2723 850 2806 igitur
884 2721 1005 2803 plenum
1040 2722 1155 2786 laboris
1189 2721 1272 2802 quod

125 2831 307 2910 suscipimus
329 2828 486 2912 multaque
507 2831 626 2915 indiget
653 2831 845 2912 quaestione.
898 2827 959 2893 Sed
990 2846 1055 2892 non
1085 2827 1273 2911 deiciemus,

124 2935 255 3016 postbac
278 2937 358 2998 enim
382 2936 579 3021 exhilarabit,
601 2937 684 3000 velut
707 2936 849 3002 athletam
873 2936 968 3000 multo
991 2954 1060 2999 cum
1082 2934 1190 3026 labora
1213 2951 1272 3000 co-

123 3059 231 3106 ronam
255 3049 391 3126 nactum,
414 3049 465 3106 aul
487 3051 691 3108 mercatorem
714 3051 785 3125 post
808 3043 1020 3108 vehementem
1044 3051 1161 3108 nestun
1179 3042 1309 3106 mensae

124 3147 243 3212 lucrunr
267 3148 425 3233 adeptum,
453 3157 505 3212 aut
528 3150 695 3232 apriculam
719 3157 788 3233 post
808 3151 954 3214 sudorem
978 3149 1087 3214 irontis
1110 3169 1179 3214 cum
1203 3151 1271 3212 iru-

125 3255 217 3339 pibus
242 3256 362 3339 lruitur,
385 3265 438 3319 aut
465 3265 565 3320 ratern
588 3264 659 3339 port
681 3259 821 3322 convicia
855 3265 886 3321 et
915 3257 1167 3322 conculcationes
1202 3277 1271 3322 cunr

123 3361 208 3426 ridet
231 3363 361 3426 evenire
384 3381 465 3444 quau
487 3362 694 3444 praedixerat.
738 3365 891 3446 Principio
906 3367 999 3449 igitur
1021 3365 1174 3449 dicamus,
1199 3367 1271 3446 qei-

123 3487 194 3532 naru
222 3470 306 3532 inter
336 3468 474 3532 Graecos
504 3469 726 3552 pbilosopbiann
752 3471 918 3535 naturalem
953 3474 1040 3554 prirm
1073 3471 1269 3536 instituerint.

122 3577 238 3640 llorurn
273 3577 354 3638 enim
389 3577 579 3658 potissimum
615 3576 740 3640 decreta
768 3580 982 3659 semipuerum
1012 3578 1063 3660 qui
1096 3577 1309 3641 haeresiumaa

125 3681 269 3767 signiferi
306 3683 487 3763 extiterunt,
529 3689 562 3745 ut
598 3683 727 3764 posthac
763 3686 814 3748 ubl
843 3686 923 3748 inter
958 3703 993 3748 se
1026 3683 1270 3767 comparabimus

123 3789 332 3854 ostendemus.
377 3789 508 3872 Singulo
528 3798 630 3854 autam
653 3791 765 3871 cuique
788 3809 896 3855 eorum
912 3794 962 3872 qut
983 3793 1137 3872 principes
1149 3791 1269 3854 doctri-

124 3907 183 3960 naa
209 3898 378 3970 extiterunt
408 3896 576 3960 tribuentes
605 3913 711 3981 suum,
744 3897 844 3962 nudos
868 3906 896 3960 et
921 3901 1028 3962 inanes
1057 3897 1268 3961 exhibebimus
1301 3893 1307 3924 ¹

108 4023 112 4030 ·
125 4002 369 4068 haeresiarches.

123 4199 171 4271 qui
197 4212 249 4269 pro
275 4197 360 4270 ἀρχὴν
399 4199 452 4270 μὲν
482 4198 603 4268 νειιίςίἰι
637 4198 716 4252 codd.
746 4197 874 4270 ἀφορμὴν
906 4197 1089 4252 commendari
1121 4197 1270 4250 arbitratur
1374 4183 1375 4188 ἵ

124 4291 168 4344 to.
206 4289 399 4361 temetipum
416 4288 576 4360 lloeparus:
599 4289 790 4362 ἐπιλαβόμενος
808 4289 888 4360 volpe
992 4287 1170 4360 πρωτοστάτης
1188 4283 1211 4340 ll
1230 4283 1268 4339 0:

122 4379 379 4454 apmmmars'mlu
522 4385 565 4436 77.
585 4383 743 4454 indipisces]
767 4383 876 4452 lupum
982 4381 1029 4435 arai
1051 4395 1096 4434 ana
1115 4375 1271 4431 Gronovius

123 4475 169 4530 ss.
196 4472 403 4547 nupserimus
422 4473 558 4528 Wolliusr
574 4473 853 4546 npaurp'eepraayalgo
