3052 4984
254 321 318 388 440
362 321 480 406 (ηοω.
496 323 579 408 πο.)
681 324 776 382 unua
799 323 844 394 ικ,
868 327 961 383 ι-τ.

254 498 308 559 καί
332 493 378 558 όα
400 495 499 578 σκέπη
521 497 584 556 τῶν
606 491 699 556 ίδίων
721 487 920 576 σφαλμάτων
935 489 969 554 τδ
986 481 1094 554 δοκεῖν
1114 489 1282 574 προσέχειν
1300 485 1428 572 νόμῳ,

220 607 299 690 wilfi
322 602 357 667 δὲ
381 603 446 667 ὄντι
468 611 650 682 γνωστικοῖς
681 598 839 683 δόγμασιν
866 601 888 685 ἢ
917 603 971 662 καί
1003 597 1239 684 άστρσλογικσῖς
1261 599 1315 658 καί
1341 619 1430 680 μα-

253 716 353 792 γείαις
376 711 568 794 πρόσκειται.

342 821 371 884 5.
420 820 503 882 Τίνα
525 815 615 902 παρά
634 813 801 890 Ἰουδαίοις
822 815 886 900 ἔθη
909 818 963 878 καί
984 815 1084 878 πόσαι
1098 812 1217 878 τούτων
1235 810 1429 896 διαφοραί.

343 991 372 1057 6.
417 990 549 1055 Πολλοῦ
569 989 676 1052 τοίνυν
708 989 763 1051 τοῦ
796 990 868 1071 περὶ
900 989 1016 1051 πασῶν
1051 982 1205 1070 αἱρέσεων
1232 986 1429 1066 γενομένου

256 1098 333 1184 ημῖν
354 1095 479 1179 α’γῶνος
507 1098 615 1183 μηθέν
635 1117 669 1174 γε
691 1092 912 1172 ἀνεξέλεγκτον
936 1093 1163 1169 καταλιποῦσι,
1192 1091 1429 1175 περιλείπεται

222 1208 317 1268 ῖῖνῦν
339 1202 357 1268 ὁ
382 1206 526 1286 μέγιστος
553 1199 662 1280 άγῶν,
699 1196 952 1283 ἐκδιηγήσασθαι
981 1201 1036 1260 καί
1062 1195 1236 1282 διείλέγξαι
1267 1197 1323 1272 τὰς
1358 1195 1428 1280 ἐφ’

257 1308 334 1397 ἡμῖν
354 1309 580 1384 έπανασιοίσας
602 1303 752 1391 αἱρέσεις,
788 1303 827 1370 δι’
850 1300 897 1369 ῶν
918 1326 998 1380 τινες
1019 1303 1162 1388 α’μαθεῖς
1182 1308 1237 1368 καὶ
1257 1303 1426 1388 τολμηροὶ

260 1414 524 1482 διασκεδαννόειν
554 1411 762 1498 ἐπεχείρησαν
795 1410 851 1496 τὴν
881 1411 1067 1498 ἐκκλησίαν,
1096 1414 1243 1496 μέγιστον
1263 1411 1423 1496 τάραχον

259 1524 340 1587 κατὰ
362 1523 470 1586 πάντα
491 1521 547 1585 τόν
569 1519 689 1601 κόσμον
710 1517 746 1582 έν
768 1521 849 1583 πᾶσι
871 1529 936 1594 τοῖς
956 1529 1078 1595 πιστοῖς
1098 1517 1317 1602 ἐμβάλλοντες.
1340 1523 1422 1581 Δο-

260 1640 310 1693 κεῖ
328 1634 391 1714 γάρ
413 1628 468 1692 έπὶ
485 1627 542 1713 τήν
562 1625 702 1712 άρχηγδν
723 1630 787 1690 τῶν
816 1629 926 1689 κακῶν
951 1629 1123 1711 γενομένην
1144 1625 1275 1712 γνῶμην
1305 1623 1421 1710 όρμηῖ

224 1754 377 1819 χησαντας
402 1733 580 1814 διελέγξαι,
611 1737 691 1810 τίνες
720 1729 755 1797 αλ
776 1732 890 1820 ταύτης
912 1731 1030 1818 άρχαί,
1064 1734 1153 1808 ὅπως
1182 1735 1352 1816 εῦγνωστοι
1374 1729 1421 1796 αἶ

260 1840 420 1929 έκφυάδες
442 1843 541 1926 αιίτῆς
562 1840 666 1906 ἅπασι
687 1842 856 1924 γενόμεναι
878 1845 1163 1929 καταφρονηθῶσι.

347 1951 377 2014 7.
423 1951 590 2034 Γεγένηταί
618 1972 663 2024 τις
691 1947 824 2032 ὀνόματι
860 1947 1000 2036 Νοητός,
1032 1953 1076 2034 τῷ
1105 1952 1188 2030 γένει
1216 1952 1418 2034 Σμυρναῖος.

265 2051 365 2132 Οότος
385 2056 569 2142 εἰσηγήσατο
586 2061 708 2142 αίρεσιν
725 2056 760 2120 έκ
777 2061 841 2120 τῶν
848 2055 1052 2139 Ἡρακλείτου
1067 2056 1252 2141 δογμάτων·
1276 2052 1316 2122 οδ
1335 2057 1418 2122 διά-

263 2186 358 2239 κονος
379 2169 434 2227 καὶ
452 2165 601 2249 μαθητὴς
622 2167 742 2243 γίνεται
759 2161 924 2245 Ἐπίγσνός
944 2187 990 2240 ας
1010 2165 1170 2248 τοῦνομα,
1192 2165 1229 2239 ὃς
1250 2162 1415 2254 τῇῬῶμη

227 2293 256 2341 τι
263 2269 462 2356 ἐπιδημήσας
474 2270 643 2356 έπέσπειρε
653 2270 709 2356 τήν
723 2271 830 2335 ἄθεον
840 2271 977 2356 γνῶμην.
1017 2267 1073 2336 Ὧι
1085 2272 1292 2358 μαθητεῦσας
1308 2271 1417 2336 Κλεο-

262 2381 377 2464 μένης,
410 2383 465 2442 καλ
485 2381 545 2464 βίῳ
568 2383 622 2442 καὶ
642 2377 750 2464 τρόπῳ
773 2376 940 2462 ἀλλότριος
970 2381 1024 2464 τῆς
1045 2378 1229 2465 έκκλησίας,
1258 2379 1418 2462 ἐκράτυνε

262 2487 297 2550 τδ
315 2483 442 2569 δόγμα,
465 2483 537 2550 κατ’
558 2485 661 2550 έκεῖνο
683 2489 798 2568 καιροῦ
820 2489 1003 2570 Ζεφυρίνου
1018 2485 1142 2551 διέπειν
1159 2485 1339 2569 νομίζοντος
1354 2487 1418 2571 τὴν

262 2591 449 2678 έκκλησίαν,
480 2591 600 2675 α’νδρδς
628 2591 756 2658 ίδιιότου
782 2597 837 2655 καὶ
865 2591 1126 2679 αίσχροκερδοῦς·
1155 2593 1219 2680 [ὃς]
1240 2597 1284 2678 σηῦ
1306 2589 1417 2675 κέρδει

263 2700 515 2784 προσφερομένη)
537 2697 733 2780 πειθόμενος
764 2697 930 2782 συνεχώρει
963 2708 1028 2773 τοῖς
1054 2701 1223 2781 προσιοῦσι
1243 2701 1287 2784 τῷ
1312 2697 1416 2762 Κλεο-

227 2825 256 2874 σο
262 2807 351 2888 μένει
372 2805 635 2890 μαθητεόεσθαι,
658 2807 714 2867 καὶ
731 2801 827 2879 αδεδς
848 2801 1087 2888 όποσυρόμενος
1107 2808 1151 2890 τῷ
1172 2804 1278 2892 χρόνῳ
1300 2806 1355 2869 έπί
1371 2827 1415 2868 ια

264 2910 347 2976 αότὰ
371 2911 511 2998 ῶρμητο,
535 2911 716 2995 συμβούλου
746 2916 801 2974 καί
831 2916 1066 2991 συναγωνισιοῦ
1093 2916 1158 2976 τῶν
1186 2916 1294 2976 κακῶν
1322 2913 1416 2988 ὄντος

265 3017 353 3105 αὐτῷ
376 3017 569 3095 Καλλίστου,
591 3013 631 3082 οδ
651 3020 706 3082 τδν
727 3021 799 3100 βίον
820 3024 874 3081 καί
891 3022 947 3106 την
961 3019 1195 3105 έφευρεθεῖσαν
1208 3025 1330 3104 αίρεσιν
1348 3019 1415 3104 μετ’

264 3123 303 3190 οῦ
326 3123 410 3190 πολι)
432 3125 624 3211 ἐκθήσομαι.
672 3125 803 3190 Τοότων
825 3127 906 3190 κατὰ
931 3125 1087 3213 διαδοχὴν
1107 3127 1243 3212 διέμεινε
1262 3129 1297 3192 τδ
1316 3126 1415 3192 διδα-

265 3232 412 3298 σκαλεῖον
436 3233 670 3318 κρατυνόμενον
690 3237 745 3297 καί
766 3233 911 3314 έπαῦξον
933 3232 989 3298 διά
1011 3235 1045 3300 τό
1069 3239 1282 3320 συναίρεσθαι
1304 3235 1416 3311 αὐτοῖς

226 3341 320 3408 σῖτόν
342 3347 524 3426 Ζεφυρῖνον
545 3345 600 3404 καί
620 3341 675 3404 τόν
697 3338 892 3418 Κάλλιστον,
923 3345 1026 3406 καίτοι
1048 3341 1140 3428 ἡμῶν
1160 3341 1316 3429 μηδέποτε
1338 3361 1416 3423 συγ-

264 3449 488 3535 χωρησάντων,
512 3445 598 3512 α’λλά
619 3447 803 3523 πλειστάκις
825 3445 1108 3514 άνακαθεστιότων
1127 3450 1209 3536 πρὸς
1229 3447 1344 3525 αότοδς
1357 3452 1415 3513 καί

266 3555 493 3637 διελεγξάντων
516 3560 570 3620 καί
593 3557 731 3631 ἄκοντας
752 3559 960 3640 βιασαμένων
980 3558 1036 3642 τὴν
1050 3555 1213 3642 ἀληθειαν
1230 3556 1415 3640 ὁμολογεῖν·

266 3670 301 3729 σί·
321 3665 403 3750 πρδς
423 3667 484 3747 μὲν
506 3663 596 3747 ῶραν
617 3663 804 3746 αἰδούμενοι
827 3668 882 3727 καί
903 3662 967 3728 δπδ
990 3668 1043 3750 τῆς
1065 3663 1225 3750 ἀληθείας
1237 3663 1415 3748 συναγόμε-

266 3794 315 3837 νοι
339 3769 543 3854 ὡμολόγουν,
564 3769 633 3851 μετ’
656 3771 698 3836 οιί
721 3769 804 3836 πολι)
828 3769 864 3834 δὲ
886 3769 941 3834 έπί
964 3771 1019 3836 τδν
1040 3771 1139 3838 αὐτόν
1158 3771 1319 3858 βόρβορον
1339 3769 1416 3836 σίνε-

226 3877 444 3962 ςοκυλίοντο.1

338 4045 364 4098 9.
386 4043 428 4097 10.
453 4040 545 4114 νόμηι,
568 4043 603 4115 τῷ
626 4041 654 4096 δὲ
674 4037 738 4116 ὅντε]
757 4040 834 4115 νόμῳ
852 4042 887 4115 τῷ
903 4042 1002 4108 δέοντι,
1022 4039 1043 4098 C
1061 4040 1106 4110 M,
1131 4043 1178 4116 qui
1201 4043 1253 4098 κλν
1269 4061 1363 4116 yram.
1389 4053 1418 4102 et

266 4138 423 4210 προσκίηται
436 4135 508 4190 coni.
567 4135 609 4190 10.
624 4134 666 4187 11.
680 4136 796 4206 μαγίαις
811 4129 842 4188 C.
900 4133 942 4187 12
956 4135 1081 4209 παρὰ]τδ
1093 4133 1165 4192 CM:
1185 4135 1416 4202 Ὲοτῖ.’1ουο“αι’ων,

268 4232 325 4286 sive
343 4230 374 4284 τὰ
393 4227 549 4284 delendum.
568 4224 613 4283 M:
631 4227 662 4281 τὰ
679 4226 755 4298 παρὰ
770 4226 842 4281 coni.
858 4223 996 4300 θτσρρίοι
1077 4229 1120 4286 13.
1139 4247 1198 4303 sqq.
1218 4246 1297 4302 capp.
1317 4231 1414 4286 6-12.

270 4320 412 4376 recensuit
431 4317 589 4374 Βοσεεαίιιτ
607 4319 635 4372 in
656 4319 781 4372 Analecta
800 4317 1001 4372 Λαιε-Νίεαειιιι
1019 4316 1116 4374 v01.1.
1129 4319 1220 4393 p.³e³
1239 4337 1298 4394 τηη.
1373 4319 1415 4377 ίθ.

272 4414 366 4469 πολλοὶ
387 4415 478 4466 τοίνυν
506 4407 528 4466 C
700 4409 742 4464 14.
765 4410 853 4482 μηθέν
875 4427 905 4482 με
933 4406 1036 4466 Christ.
1064 4409 1256 4470 Pannonius:
1284 4413 1372 4485 μηθέν
1393 4430 1417 4465 τι

275 4501 297 4560 G
316 4501 358 4558 M:
377 4505 465 4576 μηθέν
481 4521 505 4556 τι
528 4499 686 4573 Βοεροτυει
704 4499 792 4574 μησὶν
808 4499 837 4554 δὲ
858 4497 1012 4557 Baunonia·
1182 4506 1225 4560 16.
1244 4505 1357 4578 αίρέαιι
1374 4519 1417 4559 om
