3056 4970
648 309 813 370 rsnuuutt.
1246 305 1308 374 193

162 470 275 536 Morsis
297 470 400 556 igitur,
422 473 529 558 inquit,
550 475 583 538 iu
605 475 732 540 deserto
754 474 824 540 tiliis
846 474 943 538 tsmet
963 473 1184 540 demonstrarit
1204 475 1309 540 btosos

162 595 272 642 vorum
293 585 490 664 serpentem,
511 581 706 666 perfectum,
728 580 777 645 cui
801 581 854 663 qui
876 579 1070 645 confiderent
1093 597 1156 645 nou
1178 581 1346 645 morde-eb

161 681 274 748 bantur
295 686 326 748 in
348 685 484 769 deserto,
507 683 569 750 boc
590 694 640 750 est
661 707 679 752 a
701 687 914 769 potestatibus.
955 685 1055 752 Nemo
1074 687 1178 772 igitur,
1199 686 1308 771 inquit,

162 797 211 854 cst
240 789 293 872 qui
322 789 421 872 possit
446 790 568 857 salvare
592 802 624 858 et
645 811 833 859 conservare
857 775 928 876 eos,
950 796 1002 875 qui
1025 801 1140 858 exeunt
1162 812 1204 860 ex
1225 801 1308 860 terra

161 895 318 982 Aegypto,
341 896 402 962 boc
424 907 473 965 est
495 919 537 966 ex
560 918 695 984 corpore
717 908 749 966 et
770 920 810 966 cx
832 899 894 968 boc
916 899 1041 986 mundo,
1062 900 1122 964 nisi
1134 899 1219 966 solus
1231 918 1308 984 per·

161 1001 264 1068 iectus
288 1011 320 1069 et
340 1005 449 1087 plenus
471 1006 633 1088 plenorum
655 1027 796 1091 serpens.
846 1004 882 1073 In
908 1005 987 1092 boc,
1010 1004 1123 1092 iuquit,
1146 1005 1198 1089 qui
1220 1024 1307 1090 spem

161 1112 310 1196 reposuit,
331 1129 349 1176 a
371 1113 569 1195 serpentibus
593 1113 709 1180 deserti
732 1134 794 1180 non
816 1115 912 1199 perit,
934 1113 995 1178 boc
1023 1121 1071 1178 est
1093 1131 1111 1176 a
1133 1112 1190 1177 diis
1212 1117 1341 1198 geni-au
1454 1131 1456 1134 ’

161 1225 260 1283 turae.
306 1217 456 1302 Scriptum
479 1227 547 1304 est,
567 1222 682 1304 inquit,
705 1223 736 1286 in
759 1222 841 1320 libro
860 1221 973 1288 btosis:
1003 1219 1073 1306 Hic,
1096 1219 1211 1306 inquit,
1234 1223 1307 1286 seri

160 1341 238 1408 pons
261 1331 309 1388 est
330 1333 485 1410 potestus,
517 1344 597 1407 quae
626 1328 770 1392 comitata
799 1335 845 1392 est
870 1326 1003 1412 ttosem,
1030 1329 1117 1410 virga
1153 1342 1306 1390 conuersa

159 1429 193 1492 in
215 1438 400 1512 serpentem.
450 1431 615 1496 Aduersati
639 1435 719 1497 enim
743 1441 840 1517 erant,
864 1435 968 1516 inquit,
991 1433 1135 1515 potestati
1156 1431 1251 1498 ttosis
1273 1431 1305 1496 iu

158 1537 303 1620 Aegypto
326 1554 486 1622 magorum
508 1547 677 1624 serpentes,
702 1538 743 1605 dii
767 1541 925 1625 perniciei,
947 1540 1002 1604 sed
1024 1557 1132 1604 omnes
1153 1556 1209 1606 eos
1229 1541 1307 1606 sub-

158 1642 232 1706 iecit
255 1650 288 1707 et
308 1647 437 1726 peremit
458 1645 547 1728 virga
566 1646 675 1712 btosis.
721 1647 910 1712 Universatis
933 1664 1082 1732 serpens,
1115 1646 1232 1730 inquit,
1254 1647 1343 1716 bicoo

159 1757 208 1814 est
229 1751 355 1832 sapiens
378 1749 464 1817 Euae
495 1771 608 1820 sermo.
665 1753 752 1838 Hoc,
776 1755 905 1836 iuquit„
923 1760 971 1816 est
993 1753 1171 1836 mysterium
1193 1751 1301 1837 Edem,

156 1855 220 1920 boc
247 1856 358 1921 bunius
384 1877 426 1922 ox
454 1857 570 1941 Edem,
605 1856 666 1922 boc
687 1860 810 1942 siguum
839 1860 1011 1943 impositum
1042 1858 1138 1944 Cain,
1168 1860 1303 1943 nequis

156 1982 228 2027 eum
259 1966 420 2046 reperiens
455 1966 657 2030 interimeret
729 1966 787 2032 Hic
822 1972 889 2048 ost,
932 1966 1045 2051 inquit,
1089 1966 1179 2052 cain,
1216 1965 1303 2030 cuius
1364 2029 1377 2062 ι

156 2071 342 2137 sacrificium
364 2089 427 2136 non
451 2074 570 2154 recepit
597 2071 674 2136 deus
707 2069 807 2137 buius
825 2072 951 2158 mundi,
979 2079 1172 2138 cruentatum
1202 2077 1304 2136 autem

155 2179 279 2259 recepit
300 2177 422 2257 Abalis3
452 2177 651 2260 sanguinibus
675 2180 754 2243 enim
778 2179 893 2262 gaudet
914 2179 1003 2243 buius
1026 2178 1129 2242 mundi
1152 2177 1342 2252 dominusne

155 2283 213 2348 Hic
236 2290 294 2368 cst,
317 2284 483 2368 inquitis,
506 2285 558 2365 qui
581 2288 726 2349 extremis
749 2283 858 2348 diebus
880 2289 984 2366 specie
1007 2281 1139 2349 bumana
1162 2287 1302 2366 apparuit

155 2390 349 2472 temporibus
370 2389 513 2474 Herodis,
536 2389 635 2455 iactus
655 2389 692 2454 ad
717 2390 875 2472 exemplar
891 2388 1015 2473 loscpbi
1029 2391 1146 2456 venditi
1157 2410 1198 2456 cx
1209 2408 1301 2454 manu

156 2496 295 2583 immun,
318 2500 405 2564 cuius
426 2497 522 2563 solius
545 2496 687 2562 uelamen
710 2505 776 2562 erat
795 2497 921 2561 varium.
953 2497 1019 2580 Hic,
1042 2496 1150 2582 inquit,
1171 2478 1219 2560 cst
1233 2495 1301 2562 iac-

154 2612 205 2670 tus
226 2606 277 2671 ille
300 2604 341 2671 ad
363 2604 520 2686 exemplar
540 2604 640 2690 Esau,
668 2606 754 2669 cuius
783 2603 833 2668 vol
861 2620 924 2668 non
946 2605 1117 2686 praesentis
1137 2601 1218 2666 sesti
1240 2601 1301 2667 be-

158 2712 313 2776 nedictum
336 2719 400 2795 ost,
422 2712 556 2793 quinon
577 2713 716 2796 recepit,
746 2711 859 2795 inquit,
890 2729 1016 2775 caecam
1040 2708 1324 2791 benedictioncm‚t

158 2818 217 2883 sad
232 2817 402 2888 ditescebat
423 2817 628 2902 extrinsecus,
652 2816 726 2882 nibil
748 2836 767 2883 a
790 2819 984 2882 caecutiente
1007 2824 1126 2901 nactus,
1149 2817 1236 2881 cuius
1253 2820 1301 2879 ui-

157 2925 201 2990 dit
221 2924 331 2990 iaciem
353 2923 457 3009 lucob,
479 2925 582 3006 prouti
604 2924 714 2988 viderit
735 2924 828 2988 bomo
849 2922 961 2988 faciem
984 2923 1044 2989 dei.
1087 2923 1135 2988 De
1156 2921 1229 3008 boc,
1249 2922 1301 2986 in-

156 3035 234 3119 quit,
264 3033 407 3116 scriptum
438 3039 506 3096 est:
542 3032 582 3096 Ut
607 3031 735 3097 Nebrod
761 3031 943 3114 mcpnificus
962 3039 1092 3096 concur
1113 3049 1219 3094 coram
1240 3029 1302 3092 do·

154 3142 247 3204 mino.
300 3141 378 3206 Sunt
399 3145 502 3203 autem
525 3136 614 3201 buius
637 3138 844 3201 aemulatores
866 3136 967 3220 multi,
989 3143 1034 3200 tot
1054 3154 1202 3216 numero,
1226 3144 1323 3217 quoto

156 3247 314 3328 conspecti
336 3244 460 3310 suntin
484 3243 611 3309 deserto
633 3243 702 3308 tiliis
723 3242 819 3308 lsrael
843 3243 1029 3326 mordentes,
1052 3262 1071 3308 a
1094 3243 1204 3325 quibus
1218 3260 1299 3306 con-

155 3353 292 3416 servavit
313 3367 435 3416 morsos
458 3349 613 3433 perfectus
636 3350 704 3435 itte,
737 3369 828 3432 quem
857 3351 963 3414 statuit
992 3348 1107 3415 btoses.
1157 3349 1224 3413 Hoc
1244 3357 1299 3431 est,

155 3459 272 3542 inquit,
301 3457 385 3540 quod
414 3456 527 3521 dictum
558 3465 626 3522 ost:
667 3457 709 3521 Et
738 3457 988 3540 quemadmodem
1017 3457 1118 3522 Moses
1147 3458 1302 3522 exultauit

153 3574 325 3648 serpentem
345 3567 379 3628 in
401 3566 533 3642 deamtc,
555 3567 601 3628 ito
622 3565 762 3628 eecbcrt
782 3571 904 3646 oportet
920 3564 1017 3646 filiunt
1038 3562 1179 3628 bominis.
1230 3563 1300 3627 ttu-
1335 3627 1341 3635 ,

153 3673 201 3737 ius
228 3671 266 3736 ad
297 3670 454 3754 exemplar
483 3669 581 3734 iactus
612 3677 662 3734 est
683 3687 813 3752 serpens
836 3671 867 3734 in
891 3671 1016 3735 deserto
1039 3677 1174 3749 aeneus,
1207 3687 1298 3750 quem
1309 3685 1338 3736 to

153 3779 258 3843 statuit
279 3777 411 3841 Moses·
451 3776 563 3862 Huius,
584 3777 692 3860 inquit,
718 3778 814 3841 sotius
837 3775 960 3860 effigies
982 3777 1014 3840 in
1036 3777 1126 3842 cacto
1147 3785 1299 3858 perpetuo

152 3967 179 4030 4,
197 3965 270 4020 3-5
377 3966 424 4022 40.
443 3970 530 4040 φασίν
546 3963 568 4021 C
587 3963 618 4021 Μ
707 3967 825 4023 42-43.
845 3964 889 4022 Cf.
901 3966 913 4022 i
924 3963 996 4024 Mea.
1010 3965 1054 4030 37,
1066 3963 1166 4020 3-28.
1255 3963 1301 4016 42.

155 4051 389 4130 anemone
502 4059 592 4133 pam
609 4055 632 4114 c
649 4054 680 4114 u
793 4059 839 4116 44.
858 4060 903 4116 ce.
928 4055 972 4114 ur.
994 4058 1006 4114 t
1026 4054 1099 4113 uo..
1116 4055 1168 4122 ετ,
1190 4053 1224 4110 rs
1241 4069 1300 4126 sqq.

152 4151 199 4205 ⁴⁵·
219 4149 394 4222 balamir]
408 4148 451 4207 Cs-
471 4151 484 4208 1
504 4150 576 4207 u...
596 4151 641 4216 2⁷.
661 4148 675 4205 ¹
791 4151 837 4208 co.
856 4153 902 4210 cr.
926 4147 969 4208 cr.
991 4152 1003 4208 t
1023 4145 1095 4205 uo..
1113 4147 1158 4212 aa,
1178 4147 1211 4201 ro
1228 4145 1304 4200 cc..

151 4241 181 4294 τό
197 4240 345 4312 apscondo
362 4259 419 4308 ooo,
437 4241 475 4304 cis
491 4242 528 4298 ἄν
547 4261 585 4306 τις
601 4241 657 4296 ἴδοι
673 4239 821 4313 πρόσωπον
837 4245 904 4302 θεοῦ
1016 4240 1061 4296 48.
1083 4238 1095 4292 i
1115 4233 1188 4292 btos.
1211 4237 1255 4298 ib,
1277 4234 1302 4298 9,

151 4330 200 4386 ubi
219 4333 339 4388 ἐναντίον
357 4351 408 4406 pro
429 4335 516 4392 tuam
630 4333 747 4391 52-5u
777 4331 828 4392 Er.
849 4335 890 4392 Ιο.
909 4337 940 4402 3,
961 4334 995 4390 14
1016 4331 1063 4387 xci
1079 4326 1172 4388 καθώς
1189 4323 1305 4389 Morinis

151 4423 261 4494 ὕψωσεν
276 4425 322 4481 τὸν
340 4426 406 4498 ὅφιν
422 4461 459 4474 -
476 4425 634 4499 ciubpcinoc.
758 4430 802 4486 52.
821 4430 878 4500 καὶ]
895 4427 956 4483 καθ’
975 4425 1005 4482 Μ

984 4531 1023 4596 tu
