3052 4984
516 341 680 402 tlsltcwlt.
704 343 959 406 otmocnnnps.
1246 337 1310 404 399

164 517 236 573 sunt
262 525 341 590 quae
367 508 516 572 llarcinni
551 510 751 594 placuerunt,
782 531 839 594 per
872 528 953 593 quae
989 510 1020 574 in
1053 527 1192 573 errorem
1226 508 1313 572 duxit

163 615 276 681 multos
299 633 374 680 usus
396 616 589 699 Empedoclis
612 618 760 703 decretis,
797 629 828 682 et
852 617 891 681 ab
917 617 969 681 illo
992 619 1145 680 inventam
1168 614 1352 697 piloso-en

163 722 263 806 phium
292 723 329 788 ad
359 739 445 787 snam
468 724 644 806 opinionem
671 724 838 790 traducens
865 725 986 809 impiam
1020 721 1163 787 haeresin
1192 722 1312 787 consti-

163 833 234 913 tuit,
259 849 350 913 quarn
374 831 462 896 nohis
484 829 624 896 ridemur
645 834 720 896 satis
742 833 923 917 coarguisse
952 849 1011 895 nec
1039 830 1204 913 quidquam
1236 830 1313 893 reli-

166 938 218 1021 qui
251 939 365 1003 iecisse
399 957 524 1024 eorum,
557 956 639 1021 qnae
672 940 799 1004 Graecis
830 939 969 1004 sullurati
1002 936 1113 1003 Christi
1146 937 1314 1020 discipulos

166 1045 338 1131 diffamant,
359 1048 446 1128 quasi
468 1045 577 1110 horum
600 1049 673 1129 ipsis
696 1048 854 1112 extiterint
875 1048 1021 1131 magistri.
1078 1045 1140 1110 Sed
1169 1047 1313 1127 quoniam

164 1150 253 1216 liuius
276 1152 400 1235 quoque
423 1152 593 1218 doctrinam
616 1154 691 1219 satis
713 1155 852 1218 ridemur
873 1152 963 1217 nobis
987 1154 1180 1236 exposuisse,
1202 1153 1352 1222 videa-eo

164 1279 232 1324 mus
255 1261 328 1343 quid
352 1270 384 1326 et
406 1261 610 1344 Carpocrates
634 1262 723 1327 dicat.

255 1365 307 1434 32.
352 1367 558 1451 Carpocrates
581 1369 725 1434 mundum
748 1374 780 1431 et
801 1386 880 1450 quae
902 1375 973 1431 sunt
1002 1368 1033 1430 in
1063 1384 1103 1431 eo
1133 1366 1171 1429 ab
1195 1365 1315 1449 angelis

166 1473 261 1556 multo
282 1473 479 1541 interioribus
503 1483 739 1561 non-generato
755 1484 843 1559 patre
862 1475 1045 1540 lubricatum
1068 1492 1138 1539 esse
1154 1473 1241 1558 dicit,
1262 1472 1316 1537 le-

166 1589 357 1646 sumentem
388 1603 428 1647 ex
455 1585 590 1668 loseplo
613 1586 750 1669 genitum
773 1601 859 1666 esse,
889 1589 921 1646 ct
950 1582 1118 1646 consimilis
1140 1600 1208 1645 cunr
1232 1589 1317 1645 esset

166 1687 357 1775 horninibus,
389 1692 547 1756 iustiorem
580 1692 708 1775 reliquis
745 1692 899 1772 extitisse,
935 1691 1064 1754 animam
1101 1695 1203 1753 autem
1238 1691 1354 1772 elusio

167 1794 251 1858 lirma
275 1805 306 1861 et
327 1816 404 1879 pura
428 1815 497 1861 curn
520 1804 589 1862 nata
613 1799 715 1882 luerit,
742 1797 935 1860 recordatam
954 1813 1025 1859 esse
1041 1814 1091 1878 ea,
1110 1812 1191 1877 qnae
1206 1794 1318 1859 viderit

166 1900 197 1963 in
229 1902 461 1968 circumlatione
490 1922 558 1967 cum
583 1909 821 1987 non-generato
846 1902 916 1984 deo,
939 1911 1167 1985 proptereaque
1197 1901 1235 1967 ab
1264 1903 1316 1968 illo

167 2007 224 2088 ipsi
248 2008 409 2073 demissam
431 2028 502 2074 esse
525 2018 721 2094 potestatem,
752 2018 784 2074 ut
809 2028 868 2092 per
897 2029 966 2073 eum
995 2011 1098 2074 mundi
1119 2009 1224 2075 fabros
1247 2012 1316 2074 illos

167 2111 307 2198 effugere
335 2116 468 2180 ualeret:
500 2135 591 2199 quam
624 2126 656 2181 et
683 2137 742 2200 per
771 2118 872 2182 omnia
902 2125 1128 2200 transgressam
1157 2120 1187 2181 in
1221 2119 1317 2182 omni·

252 2344 332 2409 lren.
354 2345 488 2410 clinem
510 2346 533 2432 l,
556 2347 608 2431 25,
634 2343 662 2410 l.
708 2345 913 2428 Carpocrates
936 2351 1036 2410 autem
1066 2353 1098 2408 et
1124 2345 1176 2427 qui
1203 2348 1241 2410 ab
1274 2363 1312 2411 eo

155 2538 313 2602 mundum
336 2538 456 2620 quidem
480 2547 571 2604 elea
594 2538 729 2621 quaein
752 2519 791 2603 eo
820 2547 890 2602 sunt
918 2539 956 2602 ab
989 2540 1107 2622 angelis
1138 2539 1233 2604 multo
1259 2539 1313 2602 in-

168 2727 334 2794 terioribus
355 2729 495 2814 ingenito
519 2741 605 2814 patre
628 2730 741 2795 iactum
773 2749 844 2798 esse
873 2731 987 2796 dicunt.
1043 2730 1144 2796 lesum
1173 2738 1316 2795 auterno

170 2937 280 3022 loseph
309 2948 428 3022 natum,
465 2947 495 3002 et
522 2959 590 3003 curn
624 2939 729 3004 similis
762 2940 889 3023 reliquis
918 2939 1091 3005 hominibus
1125 2940 1235 3024 luerit,
1267 2941 1317 3006 di-

168 3137 268 3198 stasse
291 3132 447 3214 areliquis
469 3129 638 3196 secundum
660 3132 708 3217 id,
731 3133 812 3215 quod
836 3136 934 3198 anima
959 3135 1036 3220 eius,
1059 3135 1143 3198 firma
1160 3140 1190 3198 et
1204 3134 1316 3200 munda

170 3343 238 3388 curn
261 3334 360 3401 esset,
383 3333 621 3390 commemorata
654 3326 761 3412 luerit,
791 3345 871 3408 quae
899 3329 963 3391 visa
994 3336 1098 3393 essent
1126 3328 1185 3392 sibi
1215 3329 1246 3391 in
1278 3348 1316 3393 ea

171 3513 419 3600 circumlatione,
453 3534 533 3598 quac
561 3518 670 3583 fuisset
698 3520 836 3604 ingenito
860 3518 937 3604 deo,
972 3526 1004 3584 et
1032 3526 1158 3601 propter
1183 3519 1245 3585 hoo
1278 3521 1316 3584 ab

170 3723 209 3770 eo
232 3707 354 3771 missam
385 3725 455 3774 esse
485 3711 514 3774 ei
543 3712 701 3794 virtutem,
734 3712 777 3774 nti
807 3711 912 3775 mundi
939 3711 1142 3777 intricatores
1177 3712 1318 3796 effugere

171 3904 293 3982 posset,
328 3906 360 3962 et
396 3918 453 3982 per
492 3921 600 3968 omnes
640 3910 837 3987 transgressa
860 3910 905 3978 ,et
946 3904 978 3966 in
1012 3908 1154 3974 omnibus
1189 3907 1318 3971 liberata

172 4125 216 4180 92.
235 4143 296 4200 sqq.
342 4125 420 4194 Quae
447 4136 602 4202 sequuntur
629 4126 797 4202 Hippolytus
824 4147 858 4184 ex
880 4127 996 4185 irenaeo
1022 4129 1127 4196 hausit,
1154 4130 1233 4185 cuius
1259 4131 1318 4202 ipsa

170 4219 254 4274 rerba
274 4237 335 4274 cnm
355 4220 496 4292 deperdita
514 4222 584 4288 siut,
604 4231 632 4278 et
650 4232 771 4278 reterens
790 4221 898 4277 lrenaoi
916 4223 1071 4278 versionem
1089 4231 1118 4276 et
1135 4220 1318 4294 qnaeLatiuis

171 4295 279 4367 lrenaei
296 4312 389 4368 verbis
409 4309 515 4368 Graeca
534 4314 607 4386 apud
626 4311 811 4386 Epiphaniam
830 4314 890 4370 lere
908 4313 1086 4386 respondent,
1105 4315 1190 4369 textui
1209 4331 1319 4386 suppo-

172 4405 286 4459 suimus.
323 4401 366 4460 et.
391 4406 472 4460 etiam
500 4423 562 4461 curn
588 4406 630 4462 his
657 4405 825 4462 Theodorei.
845 4410 916 4462 tw.
936 4410 991 4474 sal.
1014 4406 1036 4471 l,
1057 4405 1083 4460 5.
1148 4408 1192 4462 94.
1212 4408 1318 4480 γεγενῆ-

170 4500 237 4548 σθαι
253 4492 312 4549 CM
347 4497 391 4552 98.
407 4495 481 4570 ciri]
500 4499 571 4573 αὐτῷ
587 4499 625 4564 Μ,
644 4499 691 4574 qui
710 4499 738 4554 in
757 4495 780 4553 C
799 4497 920 4552 ultimam
939 4497 1057 4550 litteram
1076 4512 1183 4550 exesam
1203 4504 1319 4552 testatur
