3006 4976
595 331 772 390 trissant.
1195 322 1257 390 173

109 494 201 574 flaui
224 495 356 572 Plateam
381 498 448 578 ipse
469 504 516 560 est
536 499 590 579 qai
613 498 724 560 eirouit
742 513 860 560 omrem
882 501 996 557 terram
1018 493 1177 571 iteritattr,
1206 493 1259 556 utri

113 603 257 664 nareitur
278 619 395 664 aarum.
446 603 488 666 Et
512 621 620 666 aarum
647 611 749 666 terrae
771 603 855 664 itlius
878 603 1021 682 optimum
1041 609 1106 676 est,·
1140 600 1185 662 ibi
1206 603 1259 663 in-

114 708 237 770 ueninrr
263 707 406 770 bdellium
427 715 459 770 et
487 709 567 790 topia
594 708 770 790 onyeiinur.
825 705 895 782 iiia,
921 706 1035 789 inquit,
1066 712 1114 770 est
1141 707 1258 789 oeulos,

116 811 239 876 honore
264 818 295 875 et
317 813 475 878 autoribus
497 813 662 878 testiiieans
685 812 717 876 id
739 810 822 894 quod
843 811 962 876 dieitur.
1016 813 1133 876 Nomen
1159 819 1282 876 aaamt

115 919 246 980 seeunai
265 917 352 997 florii
374 919 501 996 Getam
536 921 602 1000 ipse
632 926 681 982 est
704 921 757 1000 qai
787 919 900 980 euru&
917 936 1034 981 onmem
1056 925 1169 980 terram
1192 918 1258 982 Ae-

118 1024 262 1104 thiopiae.
305 1023 362 1088 iiio
384 1031 448 1108 est,
482 1023 595 1109 inquit,
630 1023 764 1107 auditos,
797 1041 866 1086 oum
888 1023 928 1086 eit
947 1024 1114 1105 perplexus
1136 1022 1258 1105 quidum

117 1131 215 1192 instar
235 1129 405 1212 labyrinthi.
448 1131 490 1194 Et
516 1149 626 1194 maun
655 1132 745 1194 tertio
775 1129 896 1211 tiaran
925 1130 992 1210 ipse
1017 1129 1106 1193 eadit
1129 1149 1171 1192 ea
1196 1130 1259 1192 ud-

115 1253 209 1298 eerso
231 1235 376 1318 Assyriis.
420 1235 486 1320 iiio,
507 1237 615 1320 inquit,
638 1243 686 1298 est
710 1235 851 1320 oltaotus,
874 1236 1025 1300 acerrimo
1047 1252 1123 1300 usus
1144 1236 1258 1316 impeto

116 1341 258 1405 flaminis.
303 1341 393 1405 Vadit
414 1349 516 1406 autem
540 1361 580 1406 ex
603 1342 735 1408 adverso
757 1341 911 1424 Assyriis,
940 1342 1083 1425 quoniam
1106 1343 1257 1423 expianti
1267 1351 1296 1402 to

115 1446 238 1526 spiritui
269 1465 326 1528 per
352 1448 587 1528 respirationem
615 1449 738 1529 spiritus
768 1449 961 1511 extrinseous
984 1449 1022 1511 ab
1046 1453 1120 1511 ae're
1146 1455 1258 1511 traetus

116 1549 204 1634 (ἀπὸ
224 1554 280 1615 aaa
302 1549 397 1639 ἀέρος
419 1551 609 1637 συρόμενον)
641 1554 744 1618 aerior
773 1560 803 1615 et
825 1552 1038 1617 vehementior
1058 1554 1186 1634 insuper
1207 1555 1259 1616 in-

114 1657 266 1742 greditur.
311 1659 531 1740 Respirationis
554 1665 645 1743 enim,
668 1661 774 1743 inquit,
796 1659 876 1723 haee
898 1667 946 1724 est
968 1668 1086 1724 nutura.
1135 1661 1260 1724 atomus

115 1773 220 1828 mam
241 1774 369 1848 quarm
392 1775 440 1829 est
455 1765 638 1847 hamatae.
681 1766 769 1830 iluna
785 1765 889 1828 dicunt
905 1783 951 1848 os,
973 1783 1030 1847 per
1045 1764 1128 1846 quot
1144 1783 1259 1846 preos-

116 1873 250 1935 oationis
274 1871 375 1935 exitus
397 1880 429 1935 et
450 1871 626 1936 nutrimenti
648 1873 799 1956 introitus,
823 1871 906 1953 quod
929 1873 1040 1935 mulcet
1062 1868 1258 1957 (εὐφραίνει)
1267 1887 1297 1940 to

116 1982 153 2039 et
174 1977 267 2040 nutrit
290 1985 321 2040 et
344 1977 462 2061 effigiat
483 1979 669 2059 spirituatem
691 1978 862 2060 perfeetum
883 1978 1047 2042 hominem.
1092 1980 1187 2060 Haeo,
1209 1981 1260 2044 in-

116 2083 199 2166 quit,
228 2091 276 2145 est
303 2103 402 2166 aqua,
434 2103 514 2166 quae
535 2093 582 2147 est
602 2103 697 2166 supra
715 2086 954 2166 irritamentum,
986 2086 1025 2148 de
1048 2105 1123 2168 qua,
1153 2087 1258 2170 inquit,

115 2191 194 2252 dixit
215 2190 365 2254 salvator:
402 2191 439 2254 st
459 2193 574 2268 sairer,
605 2192 674 2273 qua
697 2199 744 2253 eat
763 2193 816 2272 qui
836 2192 929 2272 petit,
953 2199 984 2254 ta
1005 2190 1140 2269 forsitan
1158 2195 1258 2272 petis-

115 2315 169 2360 ses
191 2295 231 2358 ob
252 2315 304 2374 eo,
327 2305 358 2359 et
378 2297 514 2360 &disset
533 2297 589 2360 tibi
610 2297 715 2359 bibere
735 2298 840 2359 uiuum
861 2315 975 2379 mam
995 2298 1166 2362 salientem.
1209 2297 1257 2361 Ad
1332 2351 1340 2358 .

117 2402 215 2485 hono,
242 2405 354 2486 inquit,
388 2421 497 2485 aquarn
528 2404 627 2467 omnis
656 2410 763 2466 natura
785 2403 986 2486 propinquat,
1018 2421 1090 2468 suas
1114 2421 1297 2485 quaequam

118 2507 241 2592 eligens
263 2510 423 2592 essentiae,
447 2515 479 2571 et
500 2507 622 2572 aooedit
641 2508 753 2589 cuique
777 2499 907 2571 naturae
930 2507 969 2570 ab
991 2506 1049 2572 heo
1063 2526 1151 2591 aqua,
1175 2508 1258 2590 qood

117 2617 231 2695 auique
253 2615 409 2695 proprium
431 2623 496 2698 est,
518 2614 633 2697 inquit,
664 2614 760 2696 magis
785 2631 875 2693 quam
897 2611 991 2693 lapidi
1013 2613 1165 2677 Herculeo
1189 2615 1258 2677 ter-

117 2739 187 2784 rum
215 2725 245 2782 et
274 2736 381 2784 aurum
411 2721 516 2782 morini
546 2719 699 2800 eooipitris
729 2719 836 2799 spinae
862 2726 894 2782 et
916 2717 1003 2798 palea
1026 2719 1154 2782 electro.
1206 2721 1258 2784 Sin

118 2828 199 2910 quis,
223 2826 329 2909 inquit,
351 2834 398 2889 est
426 2843 540 2888 oaeeus
563 2844 580 2888 a
605 2823 758 2889 natalibus
779 2841 839 2885 neo
861 2824 1059 2904 conspicatus
1080 2841 1184 2887 veram
1207 2825 1259 2887 lo-

117 2951 205 3015 eem,
237 2950 316 3013 quae
341 2932 499 2994 imminet
520 2951 637 2995 amnem
667 2931 818 2994 nominem
845 2931 1016 2993 amientem
1045 2933 1079 2993 in
1105 2932 1296 3010 mundarum
1413 3005 1416 3014 ,

118 3057 176 3119 per
199 3055 257 3100 nos
279 3038 406 3119 recipiat
426 3039 523 3101 visum
547 3045 578 3100 et
600 3043 708 3100 oernat
729 3043 879 3118 tamquam
895 3053 953 3117 por
969 3035 1142 3117 paradisum
1156 3056 1258 3119 quen-

120 3143 189 3206 dam
213 3143 295 3206 omni
317 3141 430 3206 arbore
453 3149 628 3206 consertum
652 3151 682 3204 et
703 3141 803 3206 moitis
826 3141 963 3223 frugibus
986 3144 1257 3223 consitomaquam

118 3254 327 3330 permeantem
358 3267 416 3330 per
447 3266 555 3312 omnes
585 3248 714 3312 arbores
738 3255 769 3309 et
789 3247 912 3331 trugas,
946 3253 977 3311 et
996 3247 1112 3310 videbit
1134 3266 1174 3310 ex
1196 3267 1258 3313 una

118 3355 288 3435 eademque
310 3371 388 3436 equa
410 3353 468 3418 sibi
490 3353 608 3438 eligere
631 3360 663 3416 et
684 3352 840 3417 attrahere
862 3341 973 3417 oiivom
997 3354 1099 3417 oleum
1122 3362 1154 3418 et
1167 3355 1257 3418 vitem
1327 3411 1333 3431 ,

99 3462 221 3524 ·vinurn
255 3469 286 3525 et
316 3461 503 3541 reliquarum
532 3461 704 3542 generatim
728 3459 878 3542 singulam
900 3477 1052 3540 quamque
1077 3459 1296 3540 plantarumto

116 3685 165 3738 rui
190 3683 383 3757 σηρεώμαῐος,
410 3685 456 3739 καὶ
479 3683 531 3738 ἀνὰ
552 3685 636 3756 μέσον
658 3687 703 3739 rori
725 3683 821 3746 ὕδατος
843 3685 888 3739 τοῦ
905 3683 994 3738 ἐπάνω
1012 3686 1056 3738 τοῦ
1075 3684 1260 3762 matriamen

117 3776 200 3831 5-7.
219 3772 262 3829 Cf.
282 3773 331 3829 Er.
351 3773 395 3830 Jo.
415 3777 441 3839 4,
462 3775 690 3847 10.Ε1ᾖδειςτῆν
707 3775 812 3846 δωρεὰν
829 3776 874 3830 τοῦ
892 3776 970 3839 θεοῦ,
989 3777 1035 3829 arai
1052 3779 1089 3836 τίς
1106 3777 1174 3830 tarsu
1192 3776 1260 3832 iii-

118 3886 177 3939 yoru
195 3883 254 3920 aaa·
283 3867 334 3928 Δός
350 3886 399 3938 μω
417 3871 496 3930 πιεῖν,
516 3867 549 3920 ari
567 3866 602 3920 ἂν
618 3866 713 3938 ᾔτησας
731 3867 811 3920 ao'rir
828 3867 874 3920 rai
892 3867 989 3920 ἔδωκεν
1006 3866 1041 3920 ἄν
1059 3883 1102 3920 aar
1119 3864 1193 3937 ὕδωρ
1209 3869 1260 3931 ζῶν

122 3958 188 4013 eott.
208 3976 233 4012 v.
259 3959 292 4013 14
309 3959 337 4012 τὸ
355 3957 429 4027 ὕδωρ
448 3956 463 4012 ii
480 3957 558 4013 auiam
577 3957 648 4028 uisui
663 3957 795 4029 γενήσεται
812 3960 840 4010 ἐν
858 3957 928 4028 αὐτῷ
944 3957 1012 4028 meyri
1033 3954 1127 4019 ὕδατος
1150 3958 1260 4031 ἁλλομέ-

116 4069 167 4105 νου
187 4053 225 4111 uic
242 4051 310 4116 ζωὴν
327 4050 438 4104 αἰώνιον
550 4049 578 4104 8.
610 4050 721 4120 ἔρχεται]
746 4051 887 4119 εἰσέρχεται
905 4044 927 4101 C
945 4046 975 4101 Μ
1089 4049 1182 4121 ἑκάστῃ
1207 4050 1259 4119 aoi-

116 4161 158 4202 σις
176 4138 198 4195 G
315 4142 357 4194 tt.
375 4143 410 4214 τῷ
427 4142 521 4214 uilium
538 4141 567 4196 ri
586 4141 708 4211 ἥλικιρον
726 4136 763 4201 C;
784 4139 833 4193 eir.
847 4137 916 4193 iutra
936 4155 964 4209 p.
978 4139 1037 4201 1³7,
1057 4138 1089 4192 to
1109 4140 1152 4194 ed.
1167 4137 1256 4194 Oxou.

117 4230 147 4286 Μ
266 4232 308 4286 1².
327 4235 355 4288 la
372 4232 494 4305 yarrqrr'rc
511 4229 548 4296 (23
582 4230 617 4285 cf.
638 4227 688 4284 Er.
707 4228 751 4284 Jo.
772 4232 797 4293 9,
818 4229 830 4283 1
851 4230 897 4283 arai
914 4229 1046 4301 παράγων
1063 4231 1134 4284 alaier
1150 4230 1258 4302 ἄνθρω-

117 4342 170 4377 πον
185 4321 287 4392 τυφλὸν
304 4324 458 4394 trsyeurn‘rc.
576 4323 617 4376 12.
640 4322 680 4384 13,
699 4321 758 4390 φῶς
775 4353 811 4366 -
828 4320 931 4391 κόσμον
948 4315 999 4373 Er.
1017 4317 1061 4373 Jo.
1085 4319 1107 4382 1,
1126 4321 1142 4372 9
1217 4323 1257 4376 tt.

115 4413 274 4486 napau'roo]
295 4415 433 4485 συμφύτων
452 4410 474 4467 C
492 4409 521 4468 Μ
