3052 4984
521 318 692 376 DOGETAE.
726 319 912 378 MONOMUS.
1225 319 1287 384 425

148 487 200 569 qni
225 493 327 552 autern
350 502 502 569 superne,
525 485 635 567 inquit,
659 467 685 546 a
700 484 818 549 decade
842 484 942 551 media
957 495 988 550 ct
1005 488 1151 572 ogdoade
1169 491 1331 576 optimam

149 594 232 658 undo
255 611 313 658 nos
336 611 455 677 sumus,
476 592 635 676 inquiunt,
660 600 905 678 noncupante,
929 595 985 658 sed
1008 603 1103 660 totum
1116 599 1174 680 ipsi
1193 600 1292 664 lesum

150 702 333 766 satvatorem
358 707 471 764 norunt
494 707 522 762 et
545 705 617 763 sunt
638 718 774 781 superne
797 702 927 784 perfecti
950 703 1027 789 soli,
1056 705 1167 788 reliqui
1190 714 1291 771 autem

150 828 259 873 omnes
281 828 322 873 ex
344 815 439 890 parte.

238 913 290 980 tl.
335 915 420 978 Haec
442 916 536 997 igitur
558 914 702 979 sufficere
725 915 858 980 arbitror
879 915 1078 998 prudentibus
1106 919 1142 981 ad
1166 937 1292 1003 cogno-

152 1023 298 1088 scendam
331 1023 515 1087 Docetarum
551 1022 728 1104 perplexam
767 1028 798 1086 et
829 1023 1008 1088 dissolutum
1049 1025 1211 1111 haeresin,
1241 1029 1332 1110 quies

152 1148 220 1194 oum
241 1130 280 1194 de
303 1132 430 1193 materia
452 1131 613 1194 inaccessa
637 1137 669 1193 et
690 1130 948 1212 incomprehensa
971 1132 1129 1200 audaciter
1152 1135 1293 1218 disputa·

151 1247 236 1324 rent,
258 1239 393 1303 Docetas
416 1245 514 1302 semet
541 1239 625 1320 ipsos
652 1238 898 1326 appeltavernut,
926 1259 1058 1322 quorum
1082 1261 1143 1307 non
1169 1243 1294 1325 opinio-

152 1365 223 1410 nom
245 1353 343 1410 semet
372 1363 442 1410 esse
471 1346 592 1428 aliquos
622 1363 831 1429 nuncupamus
860 1347 1060 1432 ineptientes,
1090 1349 1147 1413 sed
1177 1351 1294 1415 trabem

153 1470 194 1516 ex
216 1461 300 1517 tanta
324 1454 451 1517 materia
482 1452 512 1515 in
541 1452 632 1518 oculo
663 1461 780 1536 gestam
809 1457 1020 1539 coarguimuS,
1049 1458 1075 1520 si
1106 1457 1188 1522 torte
1219 1478 1295 1541 per·

151 1560 275 1641 spicere
297 1561 433 1643 possint;
468 1561 513 1623 sin
546 1577 626 1644 non,
656 1569 742 1624 certe
774 1579 815 1623 ne
843 1560 918 1624 alios
948 1562 1134 1627 obcaecent:
1166 1583 1334 1646 quorumw

152 1664 264 1749 dogma
288 1667 358 1730 olim
384 1667 571 1731 Graecorum
594 1669 750 1749 sapientes
784 1676 873 1732 antea
904 1673 1068 1735 commenti
1098 1681 1167 1736 sunt
1204 1679 1296 1758 mag-

152 1793 222 1838 nam
246 1782 377 1858 partem,
409 1774 498 1838 sicuti
529 1792 725 1858 cognoscere
755 1777 827 1839 iicet
851 1776 1028 1844 tectoribus.
1097 1780 1181 1844 Haec
1203 1782 1296 1864 igitur

151 1889 235 1966 sunt,
266 1899 345 1964 quae
374 1882 498 1946 Docetis
525 1881 715 1964 placuerunt.
771 1885 928 1959 Quaenam
959 1895 1061 1951 nutem
1085 1894 1116 1951 et
1136 1888 1294 1954 Monotmo

152 1989 292 2072 placeant
314 2007 377 2054 non
400 1988 566 2053 silebimus.

241 2096 289 2161 12.
334 2097 509 2160 Monoimus
531 2096 630 2161 Arabs
652 2097 748 2182 longe
772 2119 788 2162 a
812 2099 1054 2181 magnisonantis
1083 2109 1197 2184 poetae
1220 2104 1335 2188 glo-os

151 2205 197 2267 ria
220 2204 379 2290 discessit,
403 2204 493 2269 tatem
516 2205 671 2287 quondam
696 2223 766 2270 esse
789 2205 944 2271 hominem
969 2208 1150 2297 arbitratus,
1173 2212 1293 2294 qualem

152 2319 244 2395 potita
267 2313 439 2397 Oceanum,
463 2331 530 2375 cum
555 2315 597 2377 ait
617 2312 649 2376 iu
672 2311 753 2376 hunc
774 2314 840 2377 iere
863 2314 1004 2378 modum:

239 2419 381 2484 Oceanus
401 2429 433 2484 et
453 2422 542 2502 oripo
565 2421 691 2484 deotatus
719 2430 750 2484 et
769 2424 858 2504 oripo
881 2422 1041 2488 dominum.

151 2528 235 2592 Haeo
257 2529 322 2592 aliis
345 2528 449 2591 verbis
472 2534 660 2592 commutans
683 2528 836 2592 hominem
859 2531 901 2592 ait
921 2548 991 2594 esse
1007 2532 1182 2596 universum
1199 2533 1292 2619 (quod

152 2642 199 2700 est
214 2637 395 2720 principium
410 2654 513 2698 rerum
528 2635 673 2719 omniurn)
697 2639 928 2722 non-genitum,
950 2639 1162 2724 immortalem,
1185 2650 1317 2706 aeter-t
1346 2640 1348 2650 ⁴

151 2762 238 2828 uum,
262 2753 294 2808 et
315 2744 407 2806 fitium
429 2743 561 2807 hominis
584 2762 675 2825 supra
700 2742 769 2807 dicii
786 2744 922 2828 genitum
948 2751 979 2806 et
1000 2745 1196 2832 passibilem,
1231 2766 1294 2812 non

151 2858 291 2934 tempore
324 2852 455 2934 iactum,
491 2869 553 2915 non
583 2850 730 2930 consitio,
768 2870 830 2916 uon
860 2851 1155 2933 praedestinatione.
1213 2855 1295 2919 Talis

151 2961 232 3022 enim
257 2965 326 3036 est,
356 2960 474 3042 inquit,
501 2965 639 3041 potestas
670 2958 749 3024 iltius
777 2959 921 3025 hominis.
979 2959 1160 3024 Huiusmodi
1191 2970 1293 3026 autem

151 3086 220 3130 cum
250 3069 289 3129 sit
320 3068 476 3148 potentia,
515 3073 617 3130 natum
652 3083 723 3129 esse
753 3066 846 3130 sitium
878 3066 1010 3130 ceterius
1044 3069 1234 3150 cogitatione
1264 3078 1318 3139 eto

151 3174 317 3238 voluntate.
362 3175 399 3238 Et
427 3172 504 3257 hoc,
533 3173 647 3259 iuquit,
679 3173 834 3256 estquod
862 3174 975 3238 dictum
999 3183 1045 3238 est
1066 3178 1097 3239 in
1120 3179 1295 3259 scripturis:

149 3281 230 3344 Erat
243 3290 274 3345 et
286 3283 399 3367 extitit,
422 3281 505 3364 quod
530 3287 593 3344 est:
619 3287 686 3346 erut
707 3281 798 3346 homo
822 3289 853 3345 et
878 3285 975 3347 extitit
998 3284 1076 3348 fitius
1100 3287 1181 3370 eius,
1205 3287 1294 3368 quasi

150 3389 218 3469 quis
241 3389 338 3453 dicat:
363 3395 429 3452 erat
450 3391 530 3470 ignis
554 3395 585 3452 et
607 3391 705 3453 extitit
731 3389 801 3474 lux,
832 3408 894 3454 non
927 3401 1064 3474 ternpore
1092 3411 1152 3456 nec
1179 3395 1294 3458 volun-

150 3505 213 3562 tate
237 3515 295 3560 uec
318 3496 617 3580 praedestinatione,
642 3497 730 3560 simut
753 3506 844 3579 atque
867 3499 946 3579 ignis
976 3506 1052 3562 erat.
1108 3499 1164 3563 Hic
1192 3511 1293 3566 autem

150 3604 243 3667 homo
273 3622 333 3668 una
364 3621 472 3666 monas
503 3612 549 3666 est
577 3606 834 3686 uon-composita
867 3605 1089 3690 non-divisa,
1125 3609 1334 3690 compositnttt

150 3712 256 3795 divisa,
278 3712 368 3793 piane
387 3713 495 3795 antica,
518 3712 608 3794 plane
630 3719 753 3794 pacata,
776 3712 868 3793 piane
884 3731 1020 3797 pugnax,
1034 3714 1127 3795 plane
1145 3714 1295 3780 adversus

150 3941 209 3977 rus:
230 3926 254 3978 sl
271 3925 297 3978 δ’
312 3923 360 3978 οὐκ
377 3925 427 3989 ἅν,
446 3924 472 3978 τὸ
485 3923 522 3998 μὴ
535 3924 637 3997 ἑτέρους
654 3925 789 3995 τυφλῶσαι
800 3921 834 3978 R.
848 3921 960 3979 Scottus
999 3973 1002 3980 ,
1104 3927 1148 3981 97.
1164 3927 1296 3998 arridani]

148 4016 259 4070 παλαιοὶ
278 4012 299 4070 C
318 4013 347 4070 Μ
497 4017 541 4072 98.
560 4018 636 4088 κατὰ]
655 4018 702 4072 ani
717 4017 747 4071 ni
767 4013 789 4072 G
808 4015 846 4072 tt.
885 4015 973 4072 Sicuti
992 4035 1043 4073 uos
1062 4019 1144 4074 etium
1161 4016 1194 4074 tt.
1210 4017 1296 4075 Scot-

149 4119 192 4163 tus
215 4107 334 4162 correxit
405 4107 431 4162 5.
453 4105 495 4162 Ci.
514 4104 598 4162 Hom.
619 4107 650 4164 tt.
674 4111 714 4175 tt,
732 4111 796 4165 cot.
815 4111 879 4164 246.
899 4118 928 4165 et
945 4127 1027 4183 supra
1042 4130 1070 4184 p.
1092 4112 1151 4177 148,
1174 4113 1215 4167 10.
1235 4121 1293 4167 not.

148 4204 174 4256 7.
201 4198 335 4255 ὅ-ὅλων
359 4201 462 4254 lunulis
479 4200 642 4256 inclusimus
734 4200 933 4272 diurnalium
956 4201 977 4258 C
1086 4203 1213 4276 ἀγένητον
1232 4202 1295 4260 CM

146 4295 173 4351 8.
200 4294 307 4366 γενητὸν
330 4290 398 4347 CM
530 4295 556 4348 9.
581 4294 741 4366 ἀβουλήτως]
768 4296 945 4366 ἀβασιλεύτως
971 4293 1002 4351 G.
1051 4293 1163 4351 (111111.
1185 4299 1227 4351 14.
1249 4297 1291 4352 15.

150 4385 192 4441 12.
216 4387 258 4440 13.
275 4381 408 4439 Aliudere
428 4384 537 4440 ridetur
561 4385 594 4440 ad
623 4387 730 4442 initium
756 4387 891 4458 evangelii
921 4385 1032 4443 loannis
1151 4389 1192 4444 13.
1211 4390 1293 4442 ἐστίν·

147 4471 183 4545 ἤν
203 4475 361 4550 Roeperua:
382 4478 451 4532 torio
469 4475 484 4532 ὃ
500 4473 532 4546 ἦν
551 4478 572 4537 C
590 4476 620 4534 Μ
795 4481 836 4537 ti.
860 4480 980 4551 εἰρηνηκὴ
999 4477 1020 4534 C
