3050 4988
236 275 299 343 314
343 276 465 362 (mos.
489 283 571 368 τοο.)
679 284 775 344 τίετο
796 283 841 360 vl,
865 283 915 344 τε.

236 471 308 525 νοος
329 455 384 515 καί
405 447 653 536 όνεκλαίῆτοος·
671 448 712 516 ’τοί
734 451 771 517 δὲ
791 449 963 538 ῆμίφωνα,
985 447 1065 516 όκαό
1082 449 1170 527 ὄντα,
1191 451 1248 513 τοό
1263 447 1384 528 λόγον

198 561 291 623 ίοκαί
311 560 364 645 τῆς
386 556 494 645 ζωῆς,
518 556 573 622 διά
601 557 635 622 τό
664 566 744 642 μέσα
774 558 878 644 ιόσπερ
908 555 1065 644 ὑπάρχειν
1090 559 1154 622 τεόν
1184 579 1216 620 τε
1237 553 1385 641 α’φοίνων

236 669 291 728 καί
321 670 384 729 τόν
410 667 614 752 φωνηέντων,
645 669 698 729 καί
725 664 948 748 α’ναόεόέχθαι
975 669 1039 730 τόν
1058 667 1125 748 ’μὲν
1151 662 1296 750 ὕπερθεν
1326 663 1386 748 τῆν

235 771 432 861 ἀπόρροιαν,
454 778 517 838 ττόν
538 772 575 838 δὲ
595 770 652 839 ὑπ’
673 772 755 838 αὐτὰ
776 774 832 860 τῆν
853 770 1049 861 ιίναφοράν·
1070 773 1110 836 τοί
1123 770 1160 836 δὲ
1179 770 1185 860 Ι
1204 771 1384 857 φωνήεντα,

237 884 291 944 καί
313 879 395 946 αότά
417 879 497 945 ἑπτά
524 882 620 959 ὄντα,
653 885 709 946 τοῦ
737 880 958 968 άνθριόπου
989 885 1043 944 καί
1071 885 1124 967 τῆς
1153 878 1382 966 ἐκκλησίας,

236 988 306 1053 ἐπεί
328 987 382 1053 διὰ
404 994 460 1054 τοῦ
483 987 704 1077 α’νθροίποο
733 989 868 1076 ῆφωνῆ
902 987 1112 1075 προελθοῦσα
1144 987 1312 1074 ἐμόρφωσε
1340 987 1383 1050 τά

197 1094 312 1160 κίόλα·
335 1094 432 1182 όνόιρ
454 1093 529 1182 ῆχος
551 1100 604 1182 τῆς
626 1099 736 1182 φωνῆς
756 1098 885 1183 μορφῆν
906 1094 1015 1171 αὐτοῖς
1035 1098 1263 1182 περιεποίησεν.
1278 1094 1384 1158 Ἔστιν

236 1199 295 1267 οὖν
315 1200 333 1266 ό
354 1207 415 1287 μὲν
436 1202 551 1283 λόχος
571 1203 653 1284 ἔχων
674 1209 727 1268 καί
750 1202 768 1289 ῆ
793 1203 866 1291 ζωῆ
888 1204 926 1268 τά
950 1203 1044 1280 όκτοί,
1066 1202 1085 1267 ό
1108 1201 1144 1267 δὲ
1167 1203 1384 1288 ἄνθρωπος

237 1314 291 1373 καί
314 1308 333 1395 ῆ
355 1310 550 1396 ἐκκλησία
573 1311 611 1374 τά
634 1309 725 1388 ἑπτά,
757 1311 774 1375 ὁ
805 1311 842 1376 δὲ
872 1313 998 1398 πατὴρ
1021 1315 1076 1374 καί
1097 1310 1116 1397 ῆ
1139 1309 1320 1397 άλῆθεια
1341 1309 1383 1374 τά

235 1418 341 1483 ἐννέα.
391 1416 462 1483 Ἐπί
483 1417 518 1482 όέ
539 1423 595 1484 τοῦ
624 1416 849 1506 ὑστερήσαντος
878 1418 976 1501 λόγον
998 1418 1017 1483 ό
1039 1417 1260 1505 α’φεόρασθείς
1280 1416 1317 1482 έν
1337 1421 1384 1503 τῷ

235 1529 358 1611 πατρί
379 1525 556 1612 κατῆλθεν,
588 1527 787 1614 ἐκπεμφθεὶς
812 1527 866 1592 ἐπὶ
893 1525 948 1592 τόν
978 1525 1036 1613 ἀφ’
1059 1521 1098 1590 οό
1118 1525 1279 1612 ἐχωρίσθη
1282 1573 1295 1603 ,
1326 1525 1382 1590 ἐπί

198 1649 228 1700 ³0
236 1631 409 1718 διορθώσει
430 1636 493 1697 τόν
514 1637 736 1720 πραχθέντων,
760 1640 816 1697 ίνα
837 1632 856 1720 ῆ
877 1637 941 1698 τόν
961 1633 1181 1720 πληρωμάτων
1210 1631 1317 1717 ἑνότης
1344 1632 1384 1695 ἐν

234 1743 278 1826 τῷ
300 1739 422 1826 α’χαθῷ
444 1737 525 1805 οὖσα
547 1745 740 1830 καρποφορῆ
760 1744 840 1825 μίαν
869 1740 905 1806 ἐν
932 1744 1013 1806 πᾶσι
1035 1742 1091 1826 τῆν
1111 1740 1148 1804 ἐκ
1169 1739 1300 1805 πάντων
1322 1738 1383 1804 δό-

235 1868 344 1931 ναμιν.
396 1851 461 1912 Καί
482 1847 580 1924 οότως
602 1847 619 1912 ό
642 1853 705 1914 τόν
726 1847 806 1914 ἑπτά
827 1848 883 1935 τῆν
904 1852 967 1913 τῶν
988 1846 1068 1913 όκτώ
1089 1848 1257 1931 ἐκομίσατο
1279 1846 1383 1912 δόνα-

234 1977 306 2037 μιν,
329 1958 383 2019 καὶ
404 1954 546 2034 ἐγένοντο
568 1951 599 2020 οἱ
620 1966 701 2042 τρεῖς
721 1957 813 2020 τόποι
836 1956 942 2039 όμοιοι
963 1966 1028 2032 τοϊς
1056 1955 1230 2042 α’ριθμοίς,
1262 1953 1382 2035 6760&-

236 2062 289 2138 όες
310 2063 413 2139 ὄντες·
436 2069 547 2138 οίτινες
568 2074 648 2149 τρείς
676 2062 729 2149 ἐφ’
750 2063 881 2139 έαοτούς
911 2063 1063 2140 ἐλθόντες
1090 2063 1146 2128 τόν
1175 2067 1238 2127 τόν
1266 2062 1384 2127 είκοσι-

197 2171 395 2256 κοτεσσάρων
417 2167 585 2248 ’όνίόειξαν
607 2170 764 2257 άριθμόν.
820 2172 871 2236 Τά
903 2173 1010 2255 μέντοι
1039 2175 1110 2257 τρία
1145 2181 1281 2251 στοιχεῖα
1312 2168 1381 2256 ([ά]

235 2425 389 2512 α’ρρῆτοος
411 2432 464 2490 καί
486 2425 733 2513 άνεκλαλῆτοος·
764 2427 804 2491 τά
825 2426 862 2492 δὲ
883 2424 1053 2513 η’μίφωνα,
1086 2425 1167 2491 όκτιό
1199 2426 1296 2504 ὄντα,
1325 2427 1384 2491 τοῦ

236 2532 359 2613 λόγον
382 2539 436 2598 καί
457 2537 510 2620 τῆς
540 2533 639 2621 ζωῆς
670 2534 726 2598 όιοί
758 2534 792 2599 τό
825 2537 908 2618 μέσα
941 2533 1046 2620 ὥσπερ
1077 2531 1234 2620 ὑπάρχειν
1261 2536 1325 2598 τῶν
1350 2557 1383 2598 τε

237 2639 380 2728 α’φοίνων
402 2645 539 2706 καὶτῶν
561 2651 761 2728 φωνηέντων,
789 2646 843 2706 καί
872 2639 1089 2724 ἀναδέχεσθαι
1117 2645 1182 2706 τεόν
1202 2645 1262 2725 μὲν
1282 2639 1384 2726 ὕπερ-

236 2753 298 2813 θεν
316 2749 372 2837 τῆν
393 2747 596 2836 α’πόρροιαν,
617 2753 680 2816 τόν
703 2749 739 2813 δὲ
761 2749 841 2834 ὑπὲρ
865 2747 963 2835 αότην
983 2751 1040 2837 τῆν
1060 2747 1248 2835 όναφορόν·
1283 2749 1321 2814 τά
1344 2746 1381 2813 όὲ

236 2857 418 2943 φωνῆεντα,
441 2862 496 2922 καί
517 2855 600 2921 αότοί
620 2856 701 2922 ἑπτά
722 2858 816 2934 όντα,
847 2861 902 2922 τοῦ
925 2855 1153 2941 άνθριόποο
1174 2860 1229 2920 καὶ
1250 2860 1303 2942 τῆς
1323 2856 1382 2920 έκ-

236 2964 418 3050 κλησίας,
442 2964 511 3029 ἐπεὶ
533 2962 589 3028 διό
610 2968 665 3028 τοῦ
688 2961 916 3050 άνθριόποο
938 2964 1031 3050 φωνῆ
1053 2964 1264 3051 προελθοῦσα
1284 2963 1382 3052 ἐμόρ-

237 3089 326 3158 φωσε
346 3076 385 3136 τὰ
407 3071 489 3136 όλα·
512 3070 530 3136 ό
551 3073 614 3154 γάρ
638 3069 713 3157 ῆχος
731 3077 784 3158 τῆς
805 3075 914 3158 φωνῆς
930 3071 1060 3159 μορφῆν
1076 3069 1184 3146 αὐτοῖς
1198 3074 1382 3159 περιεποίη-

235 3197 298 3243 σεν.
333 3181 436 3243 Ἔστιν
458 3177 476 3243 ό
497 3182 557 3262 μὲν
578 3178 699 3260 λόγος
721 3179 802 3260 ἔχων
824 3183 878 3242 καί
899 3178 918 3265 ῆ
942 3177 1016 3265 ζωῆ
1038 3178 1077 3242 τά
1099 3176 1191 3265 όκτοό,
1212 3177 1231 3242 ό
1254 3177 1291 3243 δὲ
1312 3177 1383 3243 οἶν-

235 3288 396 3371 θρωπος
416 3289 470 3348 καί
490 3285 509 3372 ῆ
531 3285 729 3372 ἐκκλησία
750 3285 790 3350 τά
811 3284 901 3364 ἑπτά,
926 3285 944 3350 ὃ
966 3283 1002 3350 δὲ
1024 3285 1149 3371 πατῆρ
1172 3290 1226 3348 καὶ
1247 3283 1267 3372 ῆ
1290 3283 1382 3371 άλη-

235 3395 331 3457 θεια
353 3393 391 3456 τά
414 3392 519 3457 ἐννέα.
559 3389 685 3479 Ἐπειδῆ
700 3396 756 3457 τοῦ
770 3390 994 3480 όοτερῆσαντος
1009 3391 1108 3474 λόγον
1127 3392 1145 3456 ό
1161 3391 1383 3479 όφεόρασθείς

234 3500 272 3564 ἐν
293 3505 337 3586 τῷ
359 3504 481 3581 πατρί
507 3499 665 3586 κατῆλθε,
700 3503 863 3584 πεμφθείς
894 3501 949 3566 ἐπί
975 3501 1030 3566 τόν
1058 3497 1118 3584 όφ’
1149 3495 1189 3564 οὗ
1219 3498 1381 3585 ἐχωρίσθη

234 3608 288 3673 ἐπὶ
309 3606 484 3693 διορθώσει
505 3611 569 3670 τεόν
589 3611 813 3694 πραχθέντων,
836 3613 892 3673 ίνα
913 3606 932 3693 ῆ
952 3609 1015 3671 τῶν
1032 3605 1254 3692 πληρωμάτων
1274 3605 1382 3692 ἑνότης

236 3715 360 3799 ἰσότητα
382 3715 499 3795 ἔχουσα
520 3720 712 3805 καρποφορῆ
733 3718 812 3796 μίαν
833 3714 870 3778 ἐν
891 3718 972 3778 πάσι
993 3713 1048 3800 τῆν
1069 3714 1105 3778 ἐκ
1127 3715 1259 3779 πάντων
1277 3713 1382 3778 όόνα-

233 3843 298 3905 μιν.
343 3826 407 3886 Καί
428 3821 528 3898 οὕτως
548 3823 566 3886 ό
588 3827 652 3886 τόν
671 3821 751 3888 ἑπτά
771 3823 827 3908 τῆν
848 3826 911 3886 τῶν
938 3820 1018 3886 όκτιό
1040 3821 1207 3904 ἐκομίσατο
1230 3819 1380 3905 δύναμιν,

233 3932 288 3992 καί
308 3928 452 4009 ἐγένοντο
482 3925 513 3994 οί
534 3930 626 3994 τόποι
655 3927 761 4012 όμοιοι
788 3940 853 4004 τοῖς
884 3927 1057 4013 ἀριθμοῖς,
1090 3926 1246 4008 όγόοάόες
1276 3929 1380 4002 ὄντες·

234 4041 345 4110 οίτινες
365 4046 446 4121 τρεῖς
466 4034 518 4122 ἐφ’
539 4035 670 4112 έαοτοιλς
691 4036 843 4112 ἐλθόντες
862 4039 917 4099 τόν
937 4039 1000 4100 τῶν
1027 4036 1284 4120 εἰκοσιτεσσάρων
1306 4035 1382 4100 όνί-

234 4141 345 4220 όειξαν
366 4141 521 4230 όριθμόν.
568 4144 620 4207 Τὰ
641 4145 750 4227 μέντοι
770 4146 841 4230 τρία
865 4153 1000 4224 στοιχεία
1030 4141 1164 4229 ἀφίησιν
1196 4141 1291 4218 αὐτὸς
1318 4143 1381 4206 τόν

306 4385 351 4438 20.
370 4385 454 4456 μέσας
471 4379 535 4440 CM
649 4384 693 4439 22.
713 4377 874 4457 ἀπόρροιαν]
894 4379 1051 4456 όπορίανΰ
1165 4379 1208 4436 ἶοί
1225 4376 1302 4456 αι’·τό]
1315 4377 1381 4453 όπίρ

235 4475 315 4544 αὐτὴν
333 4472 405 4534 Ιτεο.
424 4493 530 4549 ρεισκε
551 4493 621 4553 quae
641 4475 749 4532 subsint
766 4473 840 4530 Iron.
860 4476 920 4534 lata
948 4475 1094 4548 ότιινὲρθεν
1112 4489 1187 4546 susp.
1206 4469 1381 4529 Mansuetus:
