3052 4984
624 336 754 396 essunt.
985 299 986 304 Ν
1202 327 1263 394 tel

105 497 160 576 qui
184 501 361 586 mentiatur,
385 501 561 585 redarguat,
584 519 688 584 neque
710 500 822 564 lurtum
844 499 945 583 iaciat,
969 517 1072 580 neque
1095 500 1264 564 conscien-

108 605 183 666 tiam
205 606 309 689 iniquo
333 616 463 689 quaestu
487 608 618 694 polluat,
640 616 672 672 ut
697 607 769 670 nihil
794 607 875 670 celet
896 613 1003 670 sectae
1027 625 1104 670 suae
1128 624 1264 670 consor·

108 715 178 794 tes,
201 713 268 776 eliis
293 723 449 779 autemut
474 715 546 779 nittt
567 715 692 802 prodat,
717 716 837 780 etiamsi
861 715 899 779 ed
923 719 1049 777 mortem
1069 732 1168 795 usque
1187 732 1305 779 ern-ro
1393 761 1396 768 ψ

108 819 219 883 cietur.
263 822 427 889 Praeterea
451 825 531 889 iurat
552 825 665 888 nemini
687 841 723 887 se
745 823 855 907 plecite
871 821 958 886 aliter
976 820 1155 886 traditurum
1171 829 1263 905 atque

109 928 180 1010 ipse
201 933 367 1012 receperit.

200 1034 250 1098 24.
295 1038 476 1103 Huiusmodi
498 1041 590 1124 igitur
613 1040 791 1104 iuramentis
814 1055 890 1122 eos,
921 1036 973 1118 qui
1002 1035 1075 1119 ipsis
1099 1035 1262 1121 accedunt,

110 1141 301 1208 devinciunt.
344 1147 397 1212 Sin
420 1166 495 1212 vero
521 1150 587 1230 quis
609 1148 728 1229 peccati
752 1146 880 1211 alicuius
905 1147 1067 1209 convictus
1091 1145 1197 1228 luerit,
1223 1163 1262 1208 ex

110 1251 223 1315 ordine
245 1254 385 1339 elicitur,
414 1257 532 1320 eiectus
563 1263 664 1320 autem
688 1273 908 1337 nonnunquam
932 1253 1059 1317 terribili
1082 1259 1180 1318 morte
1204 1253 1303 1316 ab·so

110 1360 251 1426 sumitur.
306 1361 487 1427 loramentis
511 1365 591 1428 enirn
615 1371 646 1428 et
673 1362 781 1426 ritibus
813 1363 999 1427 constrictus
1029 1378 1069 1423 ne
1102 1361 1263 1426 convictus

110 1467 252 1550 quidem,
275 1487 336 1551 quo
361 1469 472 1552 reliqui
496 1472 651 1554 lruuntur,
675 1475 831 1553 particeps
857 1487 928 1534 esse
950 1475 1063 1551 potest.
1096 1467 1262 1534 ¹Nonnun-

110 1593 202 1657 quam
226 1577 320 1660 igitur
342 1595 455 1659 corpus
481 1575 560 1642 ieme
590 1585 791 1658 consumunt;
826 1596 939 1664 quare,
969 1576 1021 1642 ubi
1051 1576 1090 1642 ed
1124 1583 1261 1642 extrema
1345 1644 1348 1667 .

110 1692 235 1748 ventum
264 1692 329 1770 est,
365 1685 522 1750 interdum
551 1688 737 1752 miserentur
768 1687 930 1750 multorum
965 1687 1024 1752 iam
1058 1688 1262 1769 morientium,

111 1789 314 1856 sufficientem
338 1812 447 1858 eorum
471 1793 509 1858 ad
533 1803 661 1860 mortem
685 1813 784 1878 usque
807 1812 939 1876 poenem
961 1792 1181 1860 existimantes.
1270 1809 1302 1860 οι

199 1897 250 1963 25.
295 1899 408 1975 Quoad
427 1902 539 1966 iudicia
567 1907 672 1966 autem
703 1901 928 1985 diligentissimi
951 1908 1023 1966 sunt
1046 1908 1077 1966 et
1099 1902 1184 1979 iusti;
1213 1900 1263 1965 iu-

112 2003 216 2070 dicent
239 2015 339 2072 eutem
364 2010 547 2095 congregati
579 2009 662 2076 haud
692 2013 855 2094 pauciores
886 2028 976 2093 quarn
1005 2010 1146 2094 centeni,
1179 2007 1261 2091 quod

111 2119 213 2180 eutem
237 2115 393 2182 definitum
424 2125 473 2182 est
494 2117 532 2182 alt
554 2119 607 2203 iis,
636 2119 792 2182 immotum
823 2124 881 2182 est.
933 2119 1128 2182 Venerantur
1160 2123 1262 2180 autern

110 2221 319 2302 legislatorem
355 2231 427 2308 post
465 2226 572 2311 deum,
604 2231 636 2290 et
668 2225 695 2292 si
728 2227 797 2308 quis
825 2226 855 2292 ei
883 2224 1093 2307 maledixerit,
1127 2225 1260 2306 punitur.

110 2329 300 2414 Principibus
333 2340 436 2398 autern
466 2341 496 2398 et
522 2333 699 2399 senioribus
730 2333 860 2398 obedire
894 2332 1069 2411 docentur;
1102 2330 1150 2398 sin
1184 2344 1298 2394 nerooo

111 2435 220 2501 decem
244 2439 355 2504 eodem
377 2439 449 2506 loeo
473 2441 654 2524 considunt,
678 2459 769 2506 nemo
793 2457 900 2506 eorum
924 2440 1083 2524 loquetur,
1113 2440 1171 2503 nisi
1198 2455 1260 2502 no-

110 2563 180 2610 vem
203 2548 329 2630 reliquie
351 2547 480 2631 placeat.
534 2548 572 2614 Et
593 2567 634 2614 ne
657 2554 810 2630 empuent
831 2549 863 2614 in
887 2547 1017 2613 mediam
1041 2553 1072 2612 et
1094 2547 1125 2612 in
1147 2545 1260 2608 dexte-

111 2851 159 2905 τες
191 2832 317 2916 Porplr.)
352 2830 390 2897 di
420 2835 475 2896 xci
508 2831 592 2920 λιμῷ
623 2831 658 2898 τδ
702 2835 794 2916 σῶμα
825 2829 995 2918 τηκόμενος
1029 2830 1257 2918 διαφθείρεται

112 2935 622 3026 (διαφθειρόμενοιάπόλλννται
649 2941 789 3026 respo).
840 2941 898 3006 Διδ
929 2939 969 3026 δὴ
1001 2938 1141 3016 πολλοδς
1168 2937 1259 3026 ἐλεή-

112 3062 220 3121 σαντες
240 3045 277 3111 ἔν
298 3057 367 3124 ταίς
387 3047 535 3129 ἐσχάταις
557 3047 741 3125 άναπνοαῒς
762 3045 926 3131 άνίλαβον
947 3045 1123 3132 (ἀνάγκαις
1142 3045 1260 3130 ἔλαβον

112 3155 247 3237 Porplt.),
278 3149 391 3240 ἱκανὴν
422 3157 592 3242 (τιμωρίαν
621 3153 797 3220 δεδωκέναι
825 3152 1002 3239 νομίζοντες
1040 3157 1100 3220 add
1131 3156 1259 3241 Porph.)

111 3257 164 3323 inl
184 3271 249 3337 τοῖς
270 3257 497 3348 ἁμαρτήμασιν
518 3259 625 3327 adroic
648 3261 772 3349 (αὐτῶν
794 3285 842 3328 om
863 3265 991 3350 Porph.)
1009 3263 1065 3350 τήν
1083 3265 1176 3351 μέχρι
1192 3265 1260 3328 θα-

112 3366 207 3432 νάτου
228 3367 374 3451 βάσανον
394 3367 564 3455 ἡγούμενοι
587 3368 652 3458 (ἦν.
676 3391 725 3436 om
749 3372 885 3457 Porph.).

195 3479 224 3542 9.
267 3480 349 3562 Περὶ
370 3475 406 3540 δὲ
428 3476 484 3553 τάς
506 3481 621 3564 κρίσεις
642 3475 861 3563 ἀκριβέστατοι
890 3481 945 3542 καί
966 3475 1103 3542 δίκαιοι·
1133 3483 1188 3542 καί
1210 3475 1260 3542 δι-

111 3581 237 3658 κάζουσι
258 3586 320 3669 μὲν
340 3581 399 3648 otiu
421 3583 569 3662 ἐλάττους
590 3589 653 3650 τῶν
675 3585 788 3652 ἑκατὸν
809 3583 1031 3662 συνελθόντες,
1060 3585 1094 3649 τδ
1125 3584 1161 3649 δὲ
1190 3583 1259 3672 δρι-

112 3693 191 3754 σδὲν
205 3687 268 3787 ’ὑπ’
290 3690 396 3756 αὐτῶν
419 3691 576 3779 άκίνητον.
620 3696 726 3777 Σίβας
748 3692 784 3758 δὲ
805 3697 951 3778 μέγιστον
972 3691 1048 3779 παρ’
1058 3693 1169 3768 αάτοίς
1181 3675 1260 3776 μετά

111 3799 164 3862 τδν
184 3800 266 3863 θεὸν
293 3799 327 3862 cd
358 3801 461 3885 ὄνομα
492 3805 548 3866 τοῦ
577 3806 770 3886 reproditur),
806 3803 869 3866 κάν
897 3799 1110 3890 βλασφημήσῃ
1142 3823 1188 3876 τις
1215 3791 1260 3874 sig

110 3909 233 3982 τοῦτον,
256 3905 451 3982 κολάζεσθαι
474 3909 620 3996 θανάτῳ.
684 3914 760 3986 Τοῖς
782 3908 818 3974 δὲ
839 3911 1061 3995 πρεσβυτέροις
1083 3905 1260 3974 ὑπακούειν

111 4017 163 4077 καί
183 4022 248 4090 τοῖς
268 4013 412 4080 πλείοσιν
433 4013 469 4078 δν
491 4016 581 4105 καλῷ
601 4020 753 4083 τίθενται.
797 4020 884 4082 Δίκα
912 4021 991 4097 γοῦν
1021 4013 1258 4102 συγκαθεζομέ-

113 4140 174 4185 νων
196 4119 254 4186 odat
276 4125 319 4186 δν
340 4119 488 4208 λαλήσειέ
507 4147 553 4199 τις
576 4123 721 4188 δεόντων
743 4127 805 4188 τῶν
827 4123 933 4188 ἐννέα.
986 4128 1047 4188 lici
1076 4122 1110 4186 τδ
1139 4122 1256 4204 ιπτύσαι

113 4409 142 4465 ln
161 4408 182 4466 C
201 4411 271 4466 duno
290 4411 399 4466 litterae
419 4412 527 4467 derunt.
547 4409 577 4468 Μ
679 4371 772 4466 ⁹95.
791 4413 900 4482 ίίιοδσι]
920 4407 1049 4465 duduci}
1157 4405 1253 4486 αδαδν]

115 4500 221 4575 «truc
363 4505 407 4560 99.
426 4501 481 4580 δά]
503 4500 590 4558 dn'C

921 4599 961 4664 31
