3050 4988
248 287 313 356 ³20
357 292 396 374 (p.
412 289 583 376 mm.)
724 295 820 354 ιιοοο
842 295 886 368 vl,
911 297 961 352 ιε.

247 459 344 524 ἔθετο
366 461 451 524 εέναι
473 464 529 524 τού
548 459 712 546 ὁρωμένου
732 460 863 537 παντός.
920 462 1074 546 Κέχρηται
1105 461 1166 542 μὲν
1187 455 1247 522 οὖν
1270 459 1325 520 καὶ
1349 451 1416 520 οὖ-

250 588 302 642 τος
323 567 403 655 τῷδε
432 571 476 656 τῷ
498 568 579 656 ἔργῳ
584 617 596 646 ,
627 567 672 645 ιδς
704 567 908 654 αὐθαιρέτως
940 565 995 633 ὑπ’
1028 565 1127 631 αὐτοῦ
1156 567 1337 652 γενομένῳ,
1368 589 1415 627 τοι
1490 558 1491 634 λ

250 673 286 738 δὲ
310 673 470 753 διακονεῐ,
501 674 670 762 μιμήματα
698 677 776 742 ὄντα
807 681 869 741 τόν
901 675 1083 762 ἀμιμήτων,
1115 678 1168 760 τής
1200 672 1415 757 ἐνθυμήσεως

248 784 302 868 τῆς
321 781 447 869 μητρός.
503 787 568 848 Καλ
589 781 607 848 δ
630 787 690 868 μέν
711 787 835 869 πρῶτος
863 781 1002 870 ούρανδς
1033 785 1209 868 φθέγγεται
1234 781 1269 846 τδ
1297 780 1408 866 ἄλφα,
1491 732 1492 820 λ

210 887 265 952 ωδ
289 888 325 953 δὲ
346 891 425 973 μετὰ
446 893 556 954 τούτου
576 892 610 954 τδ
632 891 676 968 ελ,
701 889 719 955 δ
747 891 783 954 δὲ
812 894 912 978 τρύιος
931 892 966 956 ιδ
988 889 1064 976 ήτα,
1094 888 1172 954 δόδ
1203 897 1361 976 τέταρτος,
1388 887 1409 950 δ

248 1001 302 1060 καὶ
322 999 420 1082 μέσος
439 1001 503 1062 τιόν
523 996 621 1075 έπτά,
646 999 702 1084 τήν
722 1003 777 1063 τού
809 1000 888 1063 wiva
917 997 1074 1082 δύναμιν,
1104 995 1122 1062 δ
1145 996 1181 1062 δὲ
1203 999 1347 1080 πέμπτος
1368 997 1407 1059 τό

248 1101 302 1182 ού,
325 1107 411 1180 έιιτος
433 1103 470 1168 δὲ
498 1103 533 1169 τδ
560 1108 601 1183 ι’),
633 1104 769 1190 έβδομος
795 1105 832 1170 δὲ
863 1109 918 1169 καὶ
947 1108 1090 1192 τέταρτος
1119 1103 1186 1169 ἀπδ
1216 1107 1272 1168 τού
1301 1105 1406 1186 μέσου

246 1211 281 1275 τό
304 1216 343 1275 ὦ.
385 1215 434 1276 At
452 1235 484 1276 τε
506 1211 658 1296 δυνάμεις
689 1217 793 1278 πάοαι
822 1214 869 1290 εἷς
896 1217 933 1279 έν
959 1213 1193 1298 συμπλακεῐσαι
1215 1211 1325 1298 ήχούσι
1348 1214 1406 1274 καὶ
1494 1256 1495 1310 η

248 1317 455 1408 δοξάήζουσιν
485 1320 629 1398 ἐκεῖνον,
664 1315 721 1406 ἀφ’
753 1317 793 1386 ού
821 1321 1087 1408 προεβλήθησαν,
1117 1319 1136 1407 ή
1170 1317 1206 1384 δὲ
1235 1318 1318 1396 δόξα
1348 1321 1405 1402 τῆς
1494 1319 1495 1332 λ

208 1423 384 1512 ςοήχήσεως
405 1426 605 1514 ἀνεπέμφθη
635 1429 716 1514 πρὸς
746 1429 801 1494 τόν
827 1429 1078 1516 προπάτορα,
1135 1427 1258 1512 Ταύτης
1291 1427 1404 1509 μέντοι
1495 1430 1496 1444 ’

246 1537 300 1619 τῆς
321 1532 509 1616 δοξολογέας
534 1534 589 1600 τδν
617 1532 712 1620 ήχον,
740 1535 787 1611 εἰς
814 1536 870 1622 τήν
896 1539 956 1622 γῆν
977 1534 1171 1622 φερόμενον,
1206 1536 1284 1620 φησί
1310 1531 1404 1597 πλά-
1496 1613 1497 1616 ¹

248 1657 322 1726 στην
342 1645 493 1723 γένεσθαι
515 1646 570 1706 ιιαὶ
590 1643 762 1730 γεννήτορα
784 1647 847 1708 τῶν
875 1643 929 1710 έπὶ
954 1647 1007 1730 τῆς
1027 1647 1099 1730 γῆς·
1128 1641 1185 1729 τήν
1207 1640 1243 1706 δὲ
1265 1639 1403 1705 ἀπέδει-

247 1752 298 1827 ξιν
320 1747 387 1814 ἀπδ
409 1753 472 1814 τῶν
495 1751 566 1837 ἄρτι
586 1753 793 1836 γεννωμένων
814 1755 962 1838 βρεφῶν,
986 1746 1033 1816 τόν
1054 1750 1073 1838 ή
1096 1751 1185 1840 ψυχή
1208 1749 1278 1834 ἀμα
1299 1753 1343 1836 τῷ
1365 1749 1403 1814 ἐκ

246 1855 367 1943 μήτρας
388 1857 564 1946 προελθεῖν
594 1857 714 1940 έπιβοᾷ
743 1857 862 1943 δμοέως
890 1859 963 1935 ένδς
987 1857 1121 1930 ἕκαστον
1146 1861 1209 1922 τῶν
1240 1859 1404 1938 στοιχείων

208 1964 365 2032 ειτούτων
385 1965 440 2030 τδν
461 1963 549 2052 ήχον.
594 1966 718 2042 Καθύς
738 1964 798 2031 οὖν
819 1963 883 2054 [αἱ]
914 1965 994 2032 ἑπτά
1001 2015 1013 2044 ,
1041 1967 1134 2053 φησέ,
1169 1963 1322 2049 ἀυνάμεις
1344 1962 1404 2028 δο-

247 2067 380 2146 ξάζοοσι
409 2069 463 2134 τὸν
491 2068 627 2148 λόγον,
656 2069 737 2134 ούτω
769 2075 824 2134 καλ
851 2069 870 2158 ή
898 2070 988 2158 ψυχή
1009 2070 1047 2135 έν
1065 2080 1131 2145 τοῖς
1152 2072 1284 2156 βρέφεσι
1307 2067 1403 2132 κλαό-

247 2245 341 2310 ἔθετο
363 2246 447 2311 εἶναι
468 2249 524 2310 τοῦ
546 2245 710 2332 δρωμένου
732 2248 860 2323 παντός.
906 2250 1060 2334 Κέχρηται
1080 2251 1141 2329 μέν
1154 2245 1213 2311 οὖν
1234 2251 1289 2310 καὶ
1304 2245 1403 2322 αύτδς

245 2349 337 2430 ούτος
358 2354 439 2442 τῷδε
460 2358 503 2442 τῷ
525 2355 606 2441 ἔργῳ
628 2353 672 2429 ὥς
694 2353 897 2440 αὐθαιρέτως
918 2353 973 2419 ἀπ’
994 2353 1093 2419 αὐτοῦ
1114 2357 1291 2442 γενομένῳ,
1322 2352 1402 2417 τάδε

245 2460 391 2527 διακονεῖ
409 2461 576 2547 μιμήματα
598 2463 676 2526 έντα
697 2465 762 2527 τῶν
784 2461 949 2549 ἀμιμήτων
978 2461 1034 2548 τήν
1062 2461 1242 2548 ἐνθύμησιν
1262 2465 1316 2547 τῆς
1335 2485 1400 2547 μη-

244 2567 325 2656 τρός.
370 2573 434 2634 Καὶ
455 2569 473 2634 δ
495 2573 555 2653 μὲν
577 2573 701 2655 πρῶτος
723 2569 861 2654 ούρανδς
890 2572 1066 2655 φθέγγεται
1094 2568 1129 2633 τό
1156 2578 1192 2646 ff,
1216 2568 1234 2633 δ
1259 2567 1295 2633 δὲ
1319 2566 1399 2652 μετά

244 2683 354 2742 τοῦτον
375 2677 409 2742 τὸ
430 2681 460 2754 ἕ,
482 2677 500 2742 δ
523 2677 559 2742 δὲ
580 2679 681 2764 τρέως
701 2681 740 2764 ἢ,
763 2680 907 2764 τέταρτος
929 2676 965 2740 δὲ
985 2681 1040 2740 καὶ
1060 2678 1156 2760 μέσος
1167 2679 1230 2740 τόν
1243 2675 1323 2740 έπτά
1340 2677 1399 2762 τήν

243 2790 299 2850 τοῦ
319 2797 339 2850 ΐ
361 2784 500 2868 δύναμιν
520 2785 675 2870 έκφωνετ,
699 2783 716 2850 δ
739 2784 776 2849 δὲ
799 2786 941 2868 πέμπτος
961 2783 996 2848 τδ
1017 2787 1050 2861 ὅ,
1073 2785 1160 2858 έιτος
1181 2782 1217 2846 δὲ
1233 2782 1267 2846 τδ
1282 2787 1316 2859 ὖ,
1340 2785 1397 2864 έβ-

244 2892 343 2976 δομος
364 2897 418 2956 καὶ
439 2893 583 2978 τέταρτος
603 2891 670 2956 ἀπδ
692 2893 809 2976 μέρους
830 2892 864 2956 τό
887 2895 913 2954 ὦ
935 2901 1088 2972 στοιχεῖον
1109 2890 1218 2976 έιιβοᾷ,
1241 2889 1395 2976 καθώςή

244 3000 384 3086 Μάρκου
407 3000 502 3084 σιγή,
526 2997 546 3085 ή
567 2997 675 3063 πολλά
689 3003 751 3081 μὲν
774 2997 988 3084 φλοαροῦσα,
1011 2994 1112 3082 μηδὲν
1133 2995 1169 3060 δέ
1192 2995 1316 3082 ἀληθὲς
1337 2995 1395 3060 λέ-

242 3124 343 3187 γουσα
366 3106 623 3189 διαβεβαιοῦται·
653 3111 768 3180 αἵτινες
795 3105 947 3188 δυνάμεις
968 3103 1072 3189 ὁμοῦ,
1099 3106 1194 3190 φησέ,
1226 3107 1330 3168 πᾶσαι
1351 3105 1398 3180 εἷς

243 3212 389 3300 ἀλλήλας
408 3212 641 3297 συμπλακεῐσαι
669 3212 781 3298 ήχοῦσι
811 3217 866 3276 καὶ
896 3211 1086 3290 δοξάζουσιν
1106 3212 1243 3290 ἐκεῖνον,
1273 3212 1329 3296 ἀφ’
1356 3209 1397 3278 οδ

243 3320 500 3406 προεβλήθησαν.
538 3319 583 3385 Ἦ
598 3319 634 3384 δὲ
655 3319 738 3398 δόξα
757 3323 810 3407 τής
831 3319 908 3406 η’χής
930 3319 1153 3404 ἀναπέμπεται
1168 3321 1213 3396 ελς
1231 3320 1286 3385 τδν
1301 3342 1395 3406 προ-

243 3429 412 3514 πάτορα.
460 3424 585 3513 Ταύτης
604 3429 712 3510 μέντοι
733 3428 786 3512 τῆς
807 3426 994 3508 όοξολογέας
1016 3427 1072 3491 τόν
1093 3424 1171 3512 ήχον
1192 3427 1238 3503 εἷς
1258 3428 1313 3514 τήν
1333 3431 1394 3514 γῆν

243 3533 424 3623 φερόμενόν
446 3553 524 3621 φησι
545 3533 690 3621 πλείστην
709 3538 863 3617 γενέσθαι
892 3539 947 3598 καὶ
975 3534 1146 3620 γεννήτορα
1176 3539 1239 3598 τῶν
1267 3533 1322 3598 έπλ
1342 3539 1396 3620 τής

241 3649 315 3730 γῆς·
348 3647 403 3728 τήν
424 3641 460 3706 δὲ
483 3641 652 3720 ἀπόδειξιν
685 3646 776 3729 φέρει
804 3641 870 3707 ἀπδ
895 3647 958 3706 τόν
987 3643 1058 3728 ἀρτι
1090 3643 1298 3725 γεννωμένων
1319 3645 1392 3726 βρε-

243 3754 327 3837 φῶν,
351 3745 396 3814 τόν
418 3747 475 3836 ήχή
499 3749 569 3832 ἀμα
591 3753 635 3838 τῷ
657 3750 693 3814 έιι
719 3751 840 3836 μήτρας
867 3749 1045 3837 προελθεῖν
1074 3750 1194 3832 έπιβοᾷ
1218 3747 1290 3825 ένδς
1317 3749 1393 3814 ἕνά-

243 3875 316 3922 στοο
347 3861 410 3922 τάν
441 3863 600 3939 στοιχείων
627 3859 744 3923 τούτων
776 3858 831 3923 τόν
861 3855 947 3944 ἦχον.
998 3858 1121 3932 Καθάς
1148 3853 1207 3922 οὖν
1236 3853 1272 3921 αλ
1300 3857 1391 3935 ἑπτά,

242 3968 335 4052 φησί,
374 3964 527 4050 δυνάμεις
558 3964 726 4044 δοξάζουσι
757 3965 812 4030 τόν
841 3964 974 4046 λόγον,
1009 3963 1107 4040 οὕτως
1129 3969 1183 4028 καὶ
1204 3961 1224 4049 ή
1245 3963 1335 4052 ψυχή
1355 3963 1392 4029 έν

314 4195 359 4250 71.
385 4195 502 4267 κέχριται
525 4192 546 4249 C
662 4197 707 4250 72.
725 4196 790 4270 τῷδε
808 4192 919 4268 έργφῦ
991 4195 1125 4268 γενόμενα
1143 4195 1165 4252 C
1184 4194 1214 4251 M
1286 4199 1330 4252 72.
1343 4197 1388 4252 7³.

244 4287 275 4342 ιδ
292 4287 321 4342 δέ
343 4288 472 4356 διακονεῖ]
492 4287 523 4339 ιδ
548 4284 587 4340 δι’
611 4286 722 4341 ἀιόνων
741 4285 763 4343 C
781 4285 811 4344 Μ
958 4289 1087 4346 74-78.
1117 4286 1159 4344 Cf.
1189 4287 1229 4344 Ιο.
1257 4287 1387 4344 laurent.

242 4377 452 4452 Philadelphen.
480 4377 571 4451 Lydus
603 4381 643 4434 De
670 4385 796 4436 mensibus
821 4378 855 4446 ΙΙ,
874 4383 900 4436 2.
921 4399 948 4453 p.
968 4381 1004 4438 38
1033 4382 1076 4436 εδ.
1096 4379 1229 4438 Roether.
1344 4384 1388 4438 74.

242 4474 400 4546 φθέγγεται]
417 4469 580 4544 φαένειαιῦ
696 4473 741 4529 75.
760 4471 795 4550 ελ]
814 4475 856 4530 ε“ι“
874 4471 933 4530 GM
1041 4473 1086 4530 75.
1101 4475 1145 4532 76.
1166 4474 1180 4530 δ
1199 4475 1245 4530 καλ
1261 4477 1316 4547 μέσ
1331 4473 1379 4538 §R
