2920 4982
471 373 649 432 vsttttstls
678 371 860 431 uocibus.
1172 365 1234 432 543

86 555 153 600 una
180 542 279 600 aetate
302 553 406 600 sermo
429 537 527 601 iactus
550 544 612 624 est,
635 539 689 602 sed
713 558 770 621 per
792 555 900 602 omnes
923 535 1143 623 generationes
1167 545 1273 602 anteri

86 643 243 708 dictorum
268 660 364 708 voces
388 646 575 728 conspicuae
598 647 743 710 aderant:
779 664 841 710 non
872 651 933 708 lum
966 644 1083 727 solum,
1115 642 1236 724 quando

86 748 310 832 praesentibus
333 754 577 837 respondebant,
600 755 656 820 sed
680 755 770 818 etiarn
797 772 854 837 per
880 769 988 818 omnes
1018 752 1239 835 generationes

88 857 195 920 lutura
218 869 465 939 praemonstrata
488 870 575 926 sunt:
611 871 673 927 tum
708 861 829 944 quidem
859 861 1025 943 praeterita
1048 857 1187 921 dicentes
1208 858 1238 920 in

86 965 271 1030 memoriam
295 983 404 1032 eorum
427 969 618 1035 reducebant
640 989 741 1054 genus
768 970 949 1048 humanum
980 965 1155 1047 praesentia
1178 983 1238 1026 au·
1335 945 1340 956 ’

88 1082 153 1136 tem
186 1081 393 1140 monstrantes
416 1096 455 1140 na
478 1078 626 1144 incuriosi
655 1084 761 1144 essent
787 1076 970 1156 suadebant,
1000 1073 1101 1136 futura
1137 1077 1277 1135 autemst

88 1183 308 1263 praedicentes
331 1184 470 1268 singulos
493 1195 631 1251 nostrum
654 1187 750 1251 oculis
781 1191 946 1250 cernentes
969 1200 1021 1266 ea,
1056 1197 1135 1261 quae
1159 1177 1239 1241 mul-

87 1295 121 1355 to
154 1297 295 1373 ternpore
328 1300 398 1356 ante
429 1293 584 1375 praedicta
620 1301 708 1378 sunt,
739 1294 922 1375 perterritos
959 1287 1147 1370 reddebant,
1182 1304 1240 1348 ex·

89 1407 255 1480 pectantes
286 1408 317 1463 et
338 1401 449 1464 lutura.
502 1401 583 1466 Talis
614 1412 720 1468 nostra
751 1409 798 1466 est
827 1401 918 1482 iidcs,
954 1417 973 1461 o
1003 1396 1144 1462 bomines
1171 1393 1242 1457 uni-

88 1508 192 1592 versi,
227 1509 278 1590 qui
304 1527 368 1574 non
397 1513 483 1574 vanis
512 1514 614 1577 verbis
642 1512 732 1576 iidem
755 1511 924 1595 habemus,
954 1525 1057 1589 nequa
1086 1503 1241 1571 subitariis

90 1616 200 1680 cordis
223 1619 355 1682 motibus
379 1619 563 1702 abripimur‚
599 1641 702 1704 neque
738 1621 891 1686 blanditiis
923 1617 1086 1684 facundiae
1114 1623 1278 1677 sermo-st

89 1744 165 1790 num
183 1726 368 1814 mulcemur,
397 1729 453 1793 scd
479 1731 509 1794 vi
533 1731 633 1796 divina
656 1733 758 1797 verbis
782 1731 870 1796 dietis
893 1729 985 1794 iidem
1009 1745 1072 1792 non
1096 1725 1240 1810 denega·

91 1855 173 1903 rous.
218 1835 257 1900 Et
279 1835 357 1902 baec
380 1838 457 1903 deus
480 1841 555 1924 logo
578 1842 758 1925 imperabat.
799 1842 902 1926 Lagus
926 1845 1027 1904 autern
1049 1835 1242 1919 loquebatur,

90 1943 269 2028 per.verba
292 1955 476 2011 convertens
500 1947 653 2014 hominem
678 1951 715 2014 ab
738 1947 966 2031 inobedientia,
988 1963 1049 2012 non
1073 1945 1103 2008 vi
1124 1961 1241 2008 neces-

90 2053 190 2118 sitatis
225 2054 256 2116 in
287 2057 466 2120 servitutem
499 2058 665 2142 redigens,
699 2059 755 2124 sed
786 2058 824 2123 ad
860 2057 1032 2120 libertatern
1068 2051 1241 2116 voluntario

91 2160 226 2224 consilio
249 2178 375 2226 vocans.
419 2162 508 2227 Hunc
533 2165 639 2250 logum
669 2165 893 2250 posterioribus
917 2161 1107 2245 temporibus
1134 2159 1280 2224 mitte-ao

91 2265 144 2332 bat
172 2274 280 2353 paler,
314 2287 377 2334 non
409 2273 536 2354 amplius
568 2293 624 2356 per
651 2274 830 2357 prophetam
859 2274 943 2354 ioqui
972 2287 1075 2352 neque
1106 2268 1241 2333 obscure

92 2377 304 2458 praedicatum
328 2378 514 2464 subintelligi
538 2400 608 2444 eum
632 2381 759 2464 solane,
794 2379 848 2443 sed
879 2380 947 2461 ipso
971 2378 1037 2441 visu
1061 2377 1241 2459 apparuisse

93 2484 176 2550 hunc
201 2486 283 2570 dico,
307 2487 491 2551 otmundus
516 2506 584 2551 enni
620 2487 727 2552 videns
755 2493 954 2550 revereretur
984 2503 1046 2549 non
1078 2503 1135 2568 per
1164 2502 1242 2566 pro-

93 2590 205 2673 pbetas
227 2595 479 2678 praecipientem,
513 2612 614 2678 neque
644 2614 700 2676 per
719 2572 876 2680 'angelum
902 2599 1070 2658 terrentem
1102 2593 1242 2673 animum,

93 2703 150 2764 sed
176 2703 276 2783 ipsum
298 2708 495 2785 praesentem
519 2703 570 2783 qui
593 2701 714 2766 locutus
738 2709 794 2765 est.
847 2699 935 2764 llunc
965 2701 1168 2784 cognorimus
1202 2715 1280 2770 exne

94 2809 216 2889 virgine
244 2827 356 2891 corpus
384 2806 593 2889 adsumpsisse
622 2816 653 2872 et
689 2816 825 2874 vaterem
858 2809 1013 2873 hominem
1045 2827 1101 2890 per
1131 2824 1242 2870 novam

96 2913 315 2980 formationem
339 2923 496 3001 gestasse,
530 2917 561 2980 in
595 2918 656 2981 vita
686 2935 743 2999 per
773 2933 925 2999 quamque
952 2919 1085 2977 aetatem
1108 2910 1242 2993 venisse,

95 3027 128 3083 ut
152 3024 264 3104 cuique
288 3027 379 3086 aetati
402 3026 468 3106 ipse
491 3024 542 3087 lex
564 3024 667 3110 lieret,
698 3025 852 3109 finemque
882 3041 968 3088 suurn
993 3022 1149 3104 proprium
1180 3017 1242 3082 bo-

96 3127 207 3193 minem
232 3129 371 3194 omnibus
395 3130 568 3196 bominibus
592 3133 774 3198 ostenderet
804 3151 966 3218 praesens,
1001 3136 1031 3193 et
1059 3147 1114 3211 per
1144 3133 1244 3191 semet

97 3235 195 3316 ipsum
220 3246 367 3322 argueret
388 3238 462 3302 nihil
484 3239 596 3303 iecisse
620 3240 711 3304 deum
735 3240 815 3324 mali,
838 3247 868 3302 el
890 3257 965 3304 suae
988 3237 1148 3319 potestatis
1172 3251 1264 3308 essen

99 3339 268 3428 bominem,
296 3347 346 3426 qui
369 3350 464 3427 possit
488 3347 566 3410 velte
594 3358 622 3411 et
655 3348 757 3432 nolle,
790 3367 856 3411 curo
881 3347 918 3408 ad
942 3351 1104 3426 utrumque
1127 3343 1244 3420 valeat3

99 3445 180 3513 bunc
203 3449 354 3515 bominem
376 3457 487 3518 scimus
511 3473 551 3518 ex
573 3463 678 3544 nostra
702 3474 801 3520 massa
823 3455 936 3518 iactum
961 3469 1042 3516 essa.
1084 3450 1243 3538 iiisienim

101 3571 142 3617 ex
162 3557 269 3621 eadem
295 3560 408 3643 extitit,
431 3560 541 3624 lrustra
564 3561 665 3646 legero
688 3561 749 3625 lert
770 3557 904 3626 imitandi
926 3564 1171 3642 praeceptorem.
1212 3557 1245 3622 Si

101 3663 180 3726 enim
203 3663 254 3728 ille
277 3665 370 3729 bomo
395 3667 471 3732 alius
494 3669 574 3732 sorte
598 3678 664 3733 erat
686 3669 891 3750 substantiae,
925 3686 981 3731 cur
1010 3666 1117 3730 similia
1144 3667 1268 3748 impe-t

102 3777 149 3832 rat
171 3773 242 3835 mibi
265 3773 357 3837 debili
382 3784 464 3859 nato,
488 3788 519 3842 et
542 3778 698 3861 quomodo
722 3778 771 3840 bic
794 3780 894 3842 bonus
919 3785 950 3840 et
972 3775 1093 3842 iustus?
1122 3775 1168 3839 Ne
1187 3794 1245 3838 au-

103 3884 162 3940 lem
192 3882 332 3947 diversus
362 3902 378 3946 a
409 3887 497 3950 nobis
527 3894 724 3968 censeretur,
756 3887 846 3984 etiam
879 3885 1015 3948 laborem
1044 3884 1187 3948 sustinuit
1218 3889 1250 3944 et
1306 3917 1309 3941 t

104 4029 148 4084 97.
162 4037 353 4105 φανερωθῆναι
365 4039 456 4092 τοῦτον
465 4043 559 4112 λέγων,
572 4043 628 4111 ἵνα]
648 4042 854 4114 φανερωθῆναι·
872 4041 970 4104 τοῦτον,
985 4039 1061 4110 λέγω,
1075 4035 1248 4120 [ἀπέστελλεν]

106 4123 149 4175 ἵνα
166 4123 322 4181 Bussenius
340 4139 368 4184 el
380 4128 412 4185 R.
430 4129 555 4187 Scottus:
577 4137 770 4204 φανερωθῆναι
781 4132 871 4186 τοῦτον
884 4135 961 4204 tipo,
974 4133 1038 4184 lac?
1091 4131 1118 4182 2.
1130 4148 1248 4200 πεφορη-

106 4212 177 4291 adure]
189 4222 374 4290 nepvppxdso?
390 4219 530 4296 Ssuppius
574 4228 599 4278 6.
613 4225 748 4298 ἕχων]ι“χῃ
761 4241 836 4295 susp.
858 4223 883 4277 Μ
942 4225 967 4278 7.
985 4223 1074 4276 τοῦτον
1087 4223 1246 4293 ἄνθρωπον]

107 4295 138 4358 el
154 4309 197 4364 ιὸν
216 4311 365 4385 ἄνθρωπον
386 4313 420 4370 C:
448 4317 528 4371 αὐτὸν
554 4318 702 4390 ἄνθρωπον
726 4315 886 4388 Roeperus:
913 4315 973 4370 οίὸν
996 4313 1145 4386 ἀνθρώπου
1172 4312 1244 4367 αοιιί.

107 4392 141 4451 R·
156 4401 266 4458 Scottus
321 4408 348 4461 7.
367 4409 394 4464 8.
413 4413 490 4486 ἴσμεν
508 4413 535 4464 le
553 4411 598 4464 roi
617 4409 790 4466 Bussenius:
810 4411 846 4469 εἰς
860 4408 911 4479 μὲν
929 4407 973 4461 τοῦ
986 4403 1020 4460 C:
1040 4409 1068 4460 ln
1084 4405 1136 4480 pair
1154 4405 1198 4459 τοῦ
1218 4405 1244 4459 Μ

109 4483 250 4565 Rusperus
285 4499 313 4554 8.
332 4499 483 4578 yspaniam]
503 4499 684 4567 Latinismus,
706 4503 758 4557 nisi
778 4501 884 4556 scribae
903 4500 1020 4555 debetur
1039 4516 1089 4571 pro
1107 4499 1246 4572 γεγονότα.

111 4577 264 4645 Bussenius
355 4597 382 4649 9.
401 4593 550 4672 νομοθετεῖ]
569 4596 721 4669 ἐνομοθέτει
740 4610 816 4665 susp.
839 4591 868 4650 Μ
