3050 4988
637 306 823 366 abstuleris
1238 301 1303 366 353

159 481 191 539 et
212 491 324 556 equum
350 473 462 538 animal
489 479 520 537 et
542 473 652 537 enimal
682 493 753 539 esse
784 475 894 539 bovem
923 479 955 536 et
984 473 1171 555 reliquorum
1200 473 1307 554 quod-

159 600 229 664 que.
274 583 340 646 iloc
363 580 515 664 estquod
540 580 883 666 diciturdeaubiecto,
914 580 944 645 id
977 580 1060 664 quod
1093 588 1206 665 potest,
1237 596 1327 646 cumr

158 709 251 772 unum
274 690 314 754 sit
322 741 331 774 ,
354 689 394 753 de
416 689 516 754 multis
538 696 570 754 et
591 688 722 753 diversis
745 688 785 753 ad
817 690 953 772 speciem
972 690 1090 772 pariter
1113 688 1181 754 dici.
1226 688 1307 754 Nihil

159 799 240 862 enim
262 796 363 862 differt
393 815 492 880 equus
523 796 560 861 ab
591 793 736 880 bomine,
770 814 830 878 qua
863 795 973 859 animel
1000 803 1061 878 est,
1097 814 1201 878 neque
1230 796 1306 878 bos;

160 903 296 968 definitio
321 905 401 968 enim
424 904 563 968 animalis
585 912 647 987 est,
676 903 759 986 quod
789 905 819 966 in
850 905 951 968 omnia
983 903 1122 968 animalia
1153 904 1305 985 quadrare

158 1015 274 1095 pariter
296 1011 414 1077 dicitur.
460 1012 537 1088 Quid
560 1013 639 1076 enim
655 1019 704 1074 est
719 1011 854 1075 animali
898 1010 972 1074 Cum
988 1010 1180 1096 definiemus,
1203 1012 1327 1077 omuiac

160 1121 300 1185 animalia
329 1119 573 1201 comprehendet
600 1120 769 1183 communis
802 1116 947 1182 definitio.
998 1116 1118 1182 Animal
1146 1121 1226 1183 enim
1258 1128 1306 1184 est

159 1227 327 1292 substantia
350 1230 500 1312 animata,
523 1225 697 1309 sensibilis,
721 1226 815 1289 veluti
837 1223 912 1306 bos,
945 1224 1054 1308 bomo,
1084 1241 1198 1310 equus,
1228 1224 1305 1290 reli·

159 1353 287 1418 quorum
319 1334 474 1416 quodque.
532 1335 570 1398 la
601 1334 738 1398 mbieclo
768 1338 890 1416 aulem,
921 1333 1037 1418 iuquit,
1067 1339 1133 1417 est,
1162 1332 1246 1415 quod
1273 1334 1304 1396 in

158 1443 261 1525 aliquo
295 1460 357 1506 non
385 1451 530 1523 tanquam
558 1459 631 1524 pars
662 1443 813 1525 existens,
849 1458 912 1504 non
941 1448 1043 1522 potest
1069 1459 1209 1505 seorsum
1232 1457 1303 1504 esse

159 1551 197 1615 ab
220 1569 277 1633 eo,
298 1552 328 1614 in
351 1568 415 1631 quo
438 1556 500 1633 est,
524 1548 616 1613 veluti
640 1556 687 1612 est
708 1548 898 1612 substantiae
922 1546 1126 1612 accidentium
1147 1547 1302 1632 quodque,
1311 1565 1339 1615 rc

159 1658 240 1740 quod
263 1663 393 1721 vocatur
415 1658 559 1740 qualitas,
583 1655 752 1720 secundum
780 1653 862 1736 quod
887 1657 995 1737 pudiea
1018 1655 1140 1737 quidam
1165 1655 1305 1738 dicimur,

158 1771 191 1827 ut
213 1763 289 1846 albi,
311 1765 426 1848 caesii,
454 1764 551 1848 nigri,
583 1765 674 1847 iusti,
698 1763 812 1846 iniusti,
835 1763 967 1826 modesti
992 1769 1022 1826 et
1046 1781 1126 1844 quae
1149 1771 1221 1827 sunt
1242 1762 1304 1829 bo·

157 1890 224 1935 rum
246 1871 365 1936 similia.
409 1870 525 1936 Horum
549 1878 648 1936 autem
682 1888 775 1934 unum
806 1868 932 1952 aliquod
962 1887 1018 1952 per
1049 1887 1084 1934 se
1115 1879 1220 1934 extare
1241 1888 1303 1934 ue·

158 1983 238 2064 quit,
257 1980 312 2044 sed
337 1986 456 2063 oportet
480 1979 511 2042 in
534 1979 635 2062 aliquo
660 1995 741 2042 esse.
786 1977 816 2041 st
840 1985 939 2042 autem
959 1995 1061 2058 neque
1077 1977 1197 2060 animal,
1219 1978 1301 2060 quod

157 2087 195 2150 de
216 2087 355 2152 omnibus
379 2087 450 2152 dico
473 2105 554 2170 quae
578 2086 702 2169 singula
725 2085 860 2149 existunt
891 2084 1087 2168 animalibus,
1118 2103 1221 2167 neque
1244 2098 1337 2150 ac-rc

158 2194 305 2280 ridentia,
329 2196 463 2278 quaein
487 2193 642 2278 omnibus,
667 2193 776 2276 quibus
800 2191 960 2277 accidunt,
982 2192 1200 2277 reperiuntur,
1223 2211 1302 2276 pos·

156 2311 225 2366 sunt
245 2304 313 2384 ipsa
334 2319 391 2384 per
413 2319 449 2365 se
471 2303 621 2384 existere,
646 2319 686 2366 ex
708 2300 756 2365 lris
778 2308 879 2365 autem
903 2300 1040 2365 condunt
1061 2300 1234 2366 individua:
1260 2320 1300 2366 ex

158 2411 457 2475 non-existentibus
503 2415 625 2474 constat
666 2407 813 2472 trifariam
850 2406 946 2472 divisa
988 2407 1175 2494 substantia,
1218 2426 1299 2491 quae

157 2535 217 2582 non
242 2537 282 2581 ax
305 2518 372 2582 aliis
394 2516 526 2582 conflata
549 2524 605 2581 est.
663 2514 747 2598 Ergo
777 2515 804 2578 si
834 2516 971 2595 primitus
1001 2522 1032 2578 et
1061 2515 1192 2579 mamone
1220 2533 1299 2598 pro-

156 2626 222 2706 prie
245 2633 277 2688 et
297 2625 485 2706 potissimum
510 2623 662 2714 appellata
685 2623 855 2686 substantia
881 2638 921 2685 ex
943 2620 991 2686 bis
1013 2627 1112 2704 extat,
1146 2641 1187 2686 ex
1215 2636 1337 2687 non-ao

156 2730 377 2806 existentibus,
401 2732 428 2796 si
449 2729 647 2793 Aristotelem
671 2727 831 2812 audimus,
855 2733 910 2790 est.

243 2834 293 2902 19.
346 2836 405 2902 Sed
438 2836 477 2900 de
507 2837 677 2901 substantia
710 2833 831 2917 quidem
858 2834 933 2898 satis
962 2839 1066 2918 erunt,
1104 2852 1183 2916 quae
1218 2853 1302 2901 nunc

156 2945 296 3010 diximus.
341 2945 515 3009 Substantia
538 2950 639 3008 autem
662 2962 723 3007 non
746 2942 846 3007 solum
869 2959 987 3025 genus,
1018 2943 1158 3028 species,
1186 2943 1301 3008 indivi-

156 3052 248 3116 duum
271 3052 454 3136 appellatur,
477 3050 532 3115 sed
557 3053 647 3116 etiam
671 3051 797 3114 materia
822 3056 855 3112 et
875 3047 1042 3129 specieset
1059 3049 1200 3129 privatio.
1230 3050 1300 3114 Dil-

155 3160 216 3224 lert
236 3165 335 3224 autem
359 3158 449 3244 nibil,
472 3177 540 3222 cum
564 3165 685 3222 maneat
706 3160 737 3220 in
761 3156 807 3220 bis
830 3155 949 3220 divisio.
1001 3155 1082 3220 Talis
1105 3164 1206 3221 autem
1229 3171 1334 3223 cumae

156 3269 196 3331 sit
223 3267 410 3351 substantia,
447 3265 551 3329 mundi
578 3265 744 3345 descriptio
780 3265 859 3328 lacta
891 3268 939 3326 est
965 3262 1134 3327 secundum
1167 3282 1237 3328 eum
1268 3267 1300 3330 in

155 3374 238 3438 bunc
260 3375 327 3438 lere
349 3371 480 3436 modum.
525 3371 652 3436 blundus
682 3371 851 3437 secundum
881 3371 1079 3436 Aristotelem
1110 3372 1226 3437 divisus
1254 3383 1303 3439 est

155 3482 187 3544 in
210 3489 313 3562 partes
335 3479 510 3561 complures
532 3488 562 3543 et
585 3479 739 3563 diversas,
772 3486 880 3559 estque
903 3477 1008 3542 mundi
1035 3495 1120 3559 pars,
1149 3497 1230 3560 quae
1253 3488 1302 3543 est

157 3605 174 3650 a
213 3595 295 3652 terra
329 3604 430 3668 usquc
464 3587 501 3650 ad
533 3585 654 3670 lunem,
685 3602 796 3648 carens
819 3583 1030 3666 providentia,
1065 3583 1300 3668 gubernatione,

157 3701 300 3759 contenta
336 3693 403 3760 sola
436 3701 545 3758 natura
574 3711 647 3771 sua;
674 3691 725 3756 illa
756 3698 874 3774 autem,
909 3697 1061 3772 quaeest
1089 3697 1160 3772 post
1188 3691 1335 3775 lunamac

156 3801 187 3864 in
210 3801 294 3864 omni
317 3800 427 3864 ordine
456 3805 486 3863 el
507 3797 702 3882 providentia
730 3805 761 3863 et
790 3796 1017 3879 gubernatione
1048 3798 1213 3862 constituta
1242 3818 1299 3864 us-

157 3926 218 3990 que
243 3906 281 3971 ad
305 3906 499 3990 superficiem
528 3904 625 3982 caeli;
655 3905 835 3988 superficies
863 3911 980 3987 autem,
1009 3922 1089 3986 quae
1120 3913 1167 3970 est
1195 3907 1299 3987 quinte

156 4089 246 4158 cM,
274 4093 321 4167 qui
343 4092 390 4147 arai
413 4091 559 4146 delendum
587 4108 649 4146 erre
674 4099 771 4146 censet
893 4090 934 4144 15.
954 4085 1067 4162 rprxipC
1191 4091 1233 4147 15.
1256 4093 1297 4148 16.

154 4187 281 4260 Πριόιως]
303 4186 397 4260 Ilpainp
421 4181 492 4240 CM
610 4184 651 4238 lli.
673 4183 830 4254 apparitura]
854 4181 996 4252 neptunium
1018 4179 1041 4236 C
1062 4179 1092 4235 bl
1231 4187 1255 4239 al
1271 4186 1299 4238 la

155 4277 316 4352 Reeperur:
334 4281 363 4334 la
380 4275 402 4333 C
420 4275 450 4332 ld
568 4277 609 4333 19.
636 4273 728 4351 γένος]
743 4276 771 4329 cd
788 4276 866 4347 γένος
888 4271 911 4329 C
1028 4275 1073 4327 td.
1098 4277 1234 4348 Διαφέρει]
1260 4276 1298 4330 οὖ

154 4373 278 4443 διαφέρει
295 4368 440 4442 Roeperua
548 4368 638 4440 οὐδὲν]
669 4369 730 4424 οὐδὲ
752 4365 774 4423 C
793 4365 823 4423 bl
924 4367 970 4420 24.
997 4363 1133 4418 hecnam
1156 4365 1185 4420 iu
1204 4363 1226 4422 C
1245 4383 1298 4422 ex-

154 4463 239 4535 plerit
256 4459 287 4518 Μ
399 4462 446 4515 27.
469 4457 638 4536 rarayprivcr]
657 4462 795 4534 τεταγμένη
813 4456 835 4514 G

965 4549 1006 4616 23
