3056 4970
577 349 580 358 .
660 300 825 361 satutant.
1240 299 1304 366 213

153 462 319 546 indicium,
349 461 388 527 ab
416 479 479 528 uno
506 462 671 530 suffimenti
693 465 793 531 odore
816 465 996 532 discernere
1018 465 1169 532 subtiliter
1191 471 1302 553 singu-

153 571 220 666 lum
251 570 398 654 quodque
421 571 642 654 permixtorum
662 576 727 658 ipsi
751 573 1010 659 suffimentorum,
1033 575 1126 641 veluti
1147 585 1301 643 storacem

155 686 192 744 et
212 679 367 764 myrrham
389 687 422 744 at
442 679 577 743 dhanum
599 689 652 744 aut
673 683 700 745 si
722 683 795 764 quid
815 682 897 748 aliud
912 689 961 746 est
974 683 1165 764 permixtum.
1200 686 1301 750 Utun-

155 793 209 850 tur
240 792 343 850 autam
374 793 406 850 et
434 784 501 850 allia
533 786 698 873 exemplis,
719 787 872 868 ‚dicentes
902 789 1086 870 permixtum
1116 806 1186 854 esse
1209 793 1339 858 etiamtt

156 909 236 956 auro
259 909 328 973 aas,
357 899 460 956 etms
482 891 634 973 qmedam
655 895 782 958 inventa
803 904 864 979 est,
897 912 976 977 quae
1008 893 1155 959 discernit
1184 915 1239 962 aes
1261 899 1299 963 ab

156 1014 245 1062 auro.
296 997 414 1062 Pariter
439 1004 541 1063 autem
570 1000 661 1064 etiam
690 1000 718 1064 si
746 1001 827 1066 torte
848 1003 880 1066 in
903 1006 1034 1085 argento
1056 1002 1228 1066 cassitaron
1249 1011 1301 1067 aut

156 1122 214 1170 ass
243 1111 297 1168 aut
328 1103 441 1187 aliquid
473 1103 612 1169 eiusdem
642 1106 768 1188 generis
797 1108 989 1191 inveniatur,
1024 1107 1156 1172 mixtura
1179 1111 1301 1189 potiore

157 1211 290 1294 quadam
313 1219 379 1277 arte
402 1218 433 1276 et
454 1209 533 1276 haec
552 1209 776 1276 discernuntur.
818 1213 880 1279 lam
904 1220 1006 1278 autem
1029 1214 1078 1278 vel
1101 1215 1167 1295 quis
1191 1232 1300 1296 aquam

157 1319 231 1382 meo
254 1313 434 1400 pennam
458 1317 614 1382 discernit.
655 1318 710 1402 lta,
731 1321 879 1404 inquiunt,
901 1322 1046 1386 universa
1068 1339 1148 1402 quae
1169 1316 1340 1384 commi-⁹⁰

157 1432 212 1490 xta
233 1430 306 1490 suat
327 1423 551 1490 discernuntur.
595 1424 659 1489 lmo
682 1443 758 1489 vcro
780 1427 830 1490 vel
853 1427 891 1491 alr
907 1427 1097 1512 animalibus,
1107 1428 1215 1511 *inquit
1232 1427 1299 1492 dis-

157 1529 230 1595 cito.
276 1528 430 1596 Defuncto
454 1531 536 1594 enim
560 1530 681 1594 animali
699 1531 820 1614 singula
842 1551 986 1615 quaeque
1008 1533 1237 1617 discernuntur,
1268 1542 1300 1597 et

156 1636 261 1701 soluto
285 1635 407 1702 animali
427 1638 473 1701 sic
497 1637 607 1702 animal
629 1639 796 1703 evanescit.
839 1638 916 1722 llcc,
939 1639 1047 1722 inquit,
1070 1642 1224 1722 estquod
1248 1641 1299 1705 di-

155 1750 238 1808 amm
262 1750 328 1806 est:
346 1743 416 1808 Non
435 1746 506 1808 oeni
525 1763 635 1826 pacem
656 1746 775 1808 mittere
796 1746 831 1810 in
851 1753 975 1824 mum,
998 1749 1054 1810 sed
1068 1749 1215 1829 cladium,
1237 1747 1299 1812 hoc

156 1857 206 1914 ast
223 1867 372 1932 separare
394 1856 426 1914 et
443 1848 623 1915 discernere
643 1853 819 1916 commixta.
864 1853 1050 1935 Separantur
1073 1855 1153 1918 enim
1177 1860 1208 1917 et
1230 1841 1337 1918 dis-tl

155 1966 326 2022 cernuntur
347 1956 469 2040 singula
491 1975 634 2040 quaeque
657 1963 890 2026 commixtorum
912 1978 981 2025 cum
1004 1976 1092 2025 enum
1115 1959 1216 2024 locum
1238 1977 1298 2024 oc-

156 2072 278 2148 cupant.
327 2064 367 2128 Ut
399 2071 447 2128 est
475 2066 555 2130 enim
583 2065 672 2131 locus
702 2069 928 2134 commixtionis
952 2066 1095 2131 omnibus
1118 2066 1297 2131 animalibus

152 2189 250 2256 unus,
282 2172 324 2235 ita
355 2173 447 2236 etiam
477 2172 660 2238 secretionis
691 2174 828 2238 constitit
848 2191 942 2257 uuus,
976 2190 1066 2254 quem
1089 2173 1175 2235 novit
1196 2189 1298 2254 nemo,

155 2281 253 2363 inquit
265 2329 274 2364 ,
307 2285 433 2362 praeter
465 2295 524 2342 nos
555 2278 657 2365 solos,
687 2283 738 2362 qui
766 2282 867 2344 renati
889 2297 993 2344 sumus
1015 2278 1205 2360 spirituales,
1235 2295 1297 2342 non

154 2385 312 2464 carnales,
348 2397 477 2468 quorum
509 2392 558 2449 ast
586 2386 693 2452 civitas
720 2388 753 2450 in
782 2386 879 2452 caelis
908 2403 1010 2469 supra.
1061 2385 1105 2449 lta
1127 2384 1322 2452 clanculumt

153 2496 372 2582 subreptantas
394 2499 595 2573 corrumpunt
615 2494 833 2578 auscultantes,
855 2501 919 2558 tum
931 2492 1019 2558 abusi
1031 2490 1129 2574 dictis,
1147 2491 1181 2553 in
1194 2492 1298 2572 quod-

153 2618 279 2682 cunque
295 2599 400 2664 solunt
413 2598 494 2663 male
508 2597 728 2681 detorquentes
742 2600 824 2663 bena
836 2599 926 2681 dicta,
942 2597 1197 2680 absconduntque
1210 2617 1297 2663 suum

153 2715 316 2788 paccatum
338 2723 396 2789 per
417 2723 618 2788 quascunque
641 2705 739 2771 lubuit
760 2708 1017 2788 comparationes.
1064 2704 1172 2768 Omnia
1195 2705 1297 2787 igitur,

152 2813 261 2897 iuquit,
286 2813 375 2876 sicuti
398 2811 509 2878 dictum
532 2819 588 2897 est,
611 2816 775 2878 commixta
797 2830 885 2877 suum
907 2811 1021 2876 habent
1036 2811 1137 2875 locum
1150 2818 1321 2874 currunt-e

153 2937 214 3004 qne
244 2918 285 2983 ad
313 2918 483 2984 domestica
512 2937 586 3004 sua,
619 2929 654 2985 ut
674 2920 790 2986 ferrum
813 2919 850 2982 ed
874 2917 1005 3001 lapidem
1029 2917 1231 2999 Herculeum,
1266 2926 1297 2981 et

153 3025 242 3110 palea
269 3044 370 3108 prope
399 3024 565 3112 electrum,
597 3033 630 3092 at
658 3032 767 3092 centro
801 3026 910 3090 marini
940 3025 1091 3106 accipitris
1112 3024 1297 3106 propinquat

154 3153 270 3198 aurum.
313 3133 359 3198 lta
387 3133 557 3214 permixtus
588 3151 688 3215 aquae
717 3133 839 3198 luminis
866 3131 985 3214 radius,
1015 3129 1215 3195 domesticum
1243 3129 1296 3192 lo-

153 3258 223 3304 cum
244 3257 284 3304 ex
306 3239 466 3320 disciplina
489 3245 520 3302 et
541 3240 732 3304 institutione
755 3241 894 3324 adeptus,
914 3239 1040 3305 instinct
1059 3235 1099 3300 ad
1120 3236 1295 3318 logumsu·

151 3363 250 3430 perna
273 3345 454 3429 degressum
477 3349 508 3410 in
530 3347 665 3428 imagine
686 3346 806 3429 servili,
835 3353 867 3410 et
888 3345 993 3408 existit
1014 3361 1082 3407 cum
1104 3343 1179 3424 logo
1204 3341 1334 3424 logosto

150 3453 232 3538 illic,
253 3454 305 3518 ulti
330 3453 420 3536 togas
448 3460 509 3536 est,
542 3452 754 3518 vehementius
781 3471 872 3536 quom
901 3451 1017 3515 terrum
1047 3448 1086 3513 ad
1107 3448 1293 3512 Herculeum

150 3561 295 3644 lapidem.
338 3560 376 3624 lit
403 3559 483 3624 haec
512 3562 554 3623 ita
585 3576 657 3625 sese
684 3560 811 3646 habere,
843 3560 948 3641 inquit,
972 3558 1135 3639 omniaque
1159 3553 1292 3620 discerni

150 3669 181 3730 ia
205 3666 382 3732 domesticis
404 3665 481 3730 locis
502 3667 653 3747 permixta
683 3667 803 3731 discito.
855 3667 966 3729 l’uteus
998 3672 1045 3727 est
1071 3664 1102 3726 in
1129 3663 1231 3726 Persis
1260 3665 1290 3724 in

150 3773 228 3837 urbe
258 3773 356 3854 Ampa
386 3773 469 3836 iuxta
500 3772 615 3856 Tigrim
649 3773 781 3839 flurium.
835 3773 1013 3838 Extinctum
1043 3777 1145 3835 autem
1173 3777 1221 3834 est
1251 3769 1291 3832 ad

149 3990 206 4038 rapa,
225 3969 291 4024 oillei
308 3968 451 4043 μάχαιραν
565 3971 609 4025 61.
635 3971 858 4044 συγκεκραμμένα
882 3965 904 4024 C
1020 3968 1063 4021 62.
1092 3967 1294 4039 σνγκεκραμμὲ-

149 4055 246 4115 νωνῦ
360 4059 404 4112 67.
424 4057 474 4128 ὁπ’]
493 4055 572 4113 inc
687 4061 731 4114 70.
753 4059 869 4131 χωρίον]
889 4051 937 4111 οὖν
957 4051 993 4110 C:
1018 4055 1084 4128 ῥοῦν
1102 4051 1132 4109 Μ
1246 4052 1292 4107 71.

149 4153 257 4222 oimppoc
273 4150 352 4223 πρὸς]
371 4146 520 4224 ω’δηροςῦ
634 4151 678 4205 72.
698 4152 734 4223 api
751 4151 859 4222 κέντρῳ]
892 4147 980 4220 Supra
999 4165 1027 4218 p.
1049 4147 1108 4210 172,
1130 4145 1159 4199 11
1180 4144 1292 4216 τῇ--κερ

148 4241 534 4315 sldaatp0198‚36aiaapaeic
648 4244 692 4297 tt.
712 4242 791 4307 daris,
810 4242 916 4311 olarios]
938 4243 1038 4294 osnes
1056 4234 1093 4292 C:
1118 4235 1234 4306 δύναμις
1252 4235 1291 4286 ol·

148 4339 222 4390 ariao
240 4351 317 4405 susp.
334 4331 365 4388 ll
479 4334 523 4388 79.
542 4330 772 4409 σνγιικριμέναῦ
789 4331 820 4388 dl
933 4333 980 4389 86.
1003 4329 1098 4405 Ἅμπμ]
1118 4325 1183 4400 'App
1207 4321 1286 4379 CM.

151 4425 208 4486 co.
227 4423 364 4482 Herodot.
383 4426 409 4491 6,
425 4425 471 4480 2⁰.
