2920 4982
431 355 711 417 nucsrssuunmo:
735 355 909 428 DOGETAE.
1169 351 1229 419 521

72 529 198 596 iecisse
227 529 349 613 triginta
383 544 516 612 aeones,
549 543 797 609 unumquemque
834 523 959 612 docem3
995 527 1099 591 unitos
1133 533 1272 593 sutemto

75 658 158 705 esse
182 657 238 704 eos
260 636 429 703 seeundum
454 635 590 701 decedes
612 651 738 719 omnes,
770 632 869 698 solum
900 640 1000 700 autem
1029 633 1233 716 positionibus

77 748 230 833 differre,
260 754 294 812 ut
327 745 377 810 alii
411 743 477 810 aliis
509 743 570 808 sint
597 743 730 826 priores.
783 742 943 806 Pr0ieetos
965 748 1064 806 autem
1089 761 1160 808 esse
1181 747 1232 809 in·

76 856 202 922 finities
235 854 369 919 infinitos
404 870 537 938 aeones,
566 857 603 916 et
634 868 705 914 esse
737 851 899 916 universos
932 851 1232 938 masculofemineos.

77 965 151 1030 Hos
176 972 277 1030 autem
300 961 432 1026 consilio
466 967 558 1043 capto
592 959 680 1024 simui
712 977 903 1044 congressos
934 977 974 1024 ex
1008 959 1102 1046 [cum]
1132 962 1234 1028 medio

79 1091 190 1137 aeone
212 1072 359 1155 genuisse
381 1087 420 1132 ex
444 1069 564 1152 virgine
586 1068 681 1132 bieria
705 1068 890 1133 salvatorem
914 1071 1067 1152 omnium,
1090 1071 1127 1134 ab
1152 1073 1272 1136 omniu

78 1187 177 1266 parte
201 1178 388 1244 consimilem
412 1177 510 1259 primo
534 1175 605 1261 deo,
628 1179 680 1258 qui
703 1182 847 1259 tanquam
870 1194 976 1240 semen
1000 1176 1163 1242 ficulneum
1186 1179 1233 1265 sit,

78 1290 144 1354 hac
167 1307 203 1353 re
225 1294 325 1352 autem
348 1285 540 1370 inferiorem,
566 1283 650 1368 quod
672 1286 795 1366 genitus
816 1286 873 1370 sit,
896 1303 1004 1350 semen
1029 1286 1128 1372 enim,
1151 1287 1234 1351 unde

79 1399 134 1462 diei
159 1396 271 1480 orbor,
301 1395 532 1476 non-genitum.
586 1391 658 1456 Erat
681 1392 775 1476 igitur
797 1411 907 1476 magna
931 1411 1064 1458 aeonum
1086 1393 1139 1457 lux
1160 1403 1234 1475 tota,

82 1503 201 1569 nullam
228 1505 354 1586 insuper
381 1501 535 1582 recipiens
572 1499 785 1585 ornationem,
818 1500 938 1566 hebens
971 1503 1002 1566 in
1034 1509 1133 1566 semet
1169 1505 1234 1587 ipsa

83 1615 224 1677 omnium
247 1611 418 1676 animalium
442 1610 571 1694 species.
616 1609 718 1694 Hanc,
742 1627 810 1673 cum
832 1611 994 1676 intraverit
1015 1614 1046 1676 in
1069 1612 1273 1685 subiacensao

84 1723 199 1807 cbaos,
222 1739 362 1786 caussam
385 1719 568 1803 praebuisse
590 1719 643 1805 iis,
667 1737 746 1802 quae
769 1721 937 1785 extiterunt
959 1729 988 1786 et
1010 1729 1100 1809 sunt,
1123 1731 1154 1787 et
1176 1722 1235 1787 de·

85 1833 218 1897 veniens
240 1849 375 1915 superne
397 1831 570 1913 specierum
595 1838 789 1894 aeternarum
813 1831 965 1913 expressit
990 1831 1070 1898 inira
1098 1833 1129 1897 in
1157 1832 1235 1899 obao

86 1940 215 2008 formes.
259 1940 380 2006 Tertius
403 1939 483 2002 enim
507 1955 605 2021 aeon,
631 1939 682 2020 qui
713 1955 749 2001 so
781 1937 879 2021 ipsum
909 1939 1132 2024 triplicaverat,
1166 1960 1234 2006 cum

86 2047 213 2113 videret
234 2053 325 2112 notas
347 2064 419 2112 suas
441 2047 603 2111 universas
626 2046 780 2111 detrectes
801 2048 832 2110 in
856 2047 1021 2134 tenebras,
1055 2067 1134 2132 quae
1156 2049 1235 2115 inira

88 2164 179 2240 sunt,
208 2173 338 2239 cumque
361 2171 462 2236 neque
485 2153 681 2219 tenebrarum
703 2154 922 2219 immanitatem
941 2157 1109 2243 ignoraret,
1134 2177 1273 2241 nequess

87 2265 168 2329 lueis
190 2263 430 2348 simplicitatem,
453 2261 527 2326 iecit
547 2262 683 2346 caetum,
708 2267 739 2325 et
761 2269 921 2346 postquam
944 2264 1159 2330 intermedium
1181 2265 1237 2330 iir-

90 2373 202 2457 mavit,
225 2371 327 2436 divisit
348 2370 496 2435 tenebras
519 2387 535 2432 a
557 2369 638 2433 luce.
682 2369 840 2434 Universis
860 2373 954 2455 igitur
975 2373 1140 2456 speciebus
1156 2374 1237 2438 tertii

90 2481 199 2546 aeonis
222 2526 355 2546 .....
379 2485 410 2541 et
433 2478 501 2543 eius
523 2477 619 2560 ipsius
642 2478 807 2562 imaginem
831 2482 972 2562 superari
996 2483 1069 2546 aito
1089 2483 1236 2568 tenebris,

91 2607 172 2671 quae
193 2586 274 2673 iguis
296 2587 383 2650 vivus
408 2607 425 2651 a
448 2585 520 2650 luce
551 2594 638 2649 ortus
667 2588 784 2672 extitit,
811 2587 894 2652 unde
928 2587 1065 2654 dictitent
1092 2610 1235 2676 magnum

92 2696 269 2761 archontem
293 2695 448 2777 extitisse,
478 2693 516 2757 de
548 2711 610 2776 quo
633 2693 738 2759 Moses
771 2695 920 2783 disputat,
951 2717 1019 2762 cum
1050 2698 1134 2782 dicit,
1166 2713 1277 2766 essese

93 2806 172 2870 hune
195 2805 285 2869 deum
315 2805 439 2887 igneum
471 2808 503 2866 et
533 2801 742 2887 demiurgum,
779 2805 831 2886 qui
860 2805 951 2868 etiam
984 2807 1072 2871 ideas
1105 2809 1237 2873 omnium

94 2919 271 2978 transmutet
293 2913 440 2977 continuo
472 2911 503 2974 in
533 2927 686 2995 corpora,
718 2909 779 2975 boo
808 2920 855 2976 est
883 2913 1015 2998 animas,
1050 2921 1239 3000 quapropter

97 3021 230 3087 dictitant
252 3021 435 3086 salvatorem
459 3025 738 3118 supergeneratum
769 3037 856 3103 esse,
889 3023 940 3104 qui
969 3030 1118 3087 monstret
1147 3025 1238 3110 viam,

98 3149 154 3212 qua
184 3128 333 3211 effugient
365 3133 531 3210 superatae
565 3127 705 3210 animae,
740 3126 810 3191 iesu
839 3135 941 3192 autem
968 3129 1106 3195 indutum
1141 3131 1238 3196 fuisse

97 3242 278 3320 potestatem
299 3236 381 3300 iliam
403 3235 614 3319 unigenitam;
636 3232 707 3299 ideo
732 3251 794 3298 non
817 3238 955 3317 potuisse
978 3241 1110 3320 spectari
1123 3238 1161 3303 eb
1179 3241 1277 3310 oli-ss

100 3363 157 3427 quo
187 3353 312 3428 propter
351 3349 586 3426 exsuperantem
626 3341 866 3425 magnitudinem
893 3344 1078 3426 splendoris.
1129 3345 1239 3413 Omnia

100 3462 195 3518 eutem
220 3451 372 3518 eccidisse
397 3453 427 3515 ei
450 3450 571 3534 dieunt,
594 3451 684 3513 sicuti
706 3451 737 3512 in
761 3450 930 3534 evangeliis
954 3455 1098 3534 seriptum
1123 3461 1180 3519 est.

102 3643 160 3708 post
178 3633 276 3696 oinium
291 3633 424 3688 nonnulis
444 3632 614 3689 exciderunt.
652 3627 695 3687 Ci.
713 3648 795 3704 snprs
814 3649 841 3703 p.
860 3630 922 3696 418,
941 3631 1012 3687 3-5
1102 3633 1147 3690 65.
1172 3632 1241 3690 Post

103 3728 202 3790 σκότους
219 3728 344 3783 lacunam
364 3727 482 3798 signarit
500 3724 529 3782 Μ
656 3726 701 3780 65.
721 3727 764 3780 66.
789 3725 841 3797 πῦρ
855 3755 885 3764 -
901 3723 1026 3796 ὖττῆρξτν]
1043 3728 1096 3798 πῦρ
1115 3727 1168 3790 ζῶν
1185 3728 1240 3784 dmi
1319 3745 1323 3756 ·

104 3821 144 3876 mi
156 3821 242 3893 φωτὸς
259 3819 421 3894 γενόμενον,
448 3811 481 3874 ed
504 3819 551 3874 ani
575 3818 694 3891 opperit·
722 3819 766 3884 (ex
791 3817 964 3889 transpositis
990 3817 1029 3871 ais
1052 3813 1133 3882 adbuc
1158 3819 1239 3896 facts)

105 3915 210 3986 ὑπῆρξεν
234 3912 307 3968 ceni.
326 3909 472 3984 Bosporus
491 3911 555 3967 eoii.
574 3911 624 3975 iis,
652 3927 723 3984 quas
742 3926 824 3981 supra
844 3909 975 3980 leguntur
992 3927 1020 3983 p.
1039 3911 1102 3976 418,
1121 3913 1148 3968 6.
1168 3913 1200 3966 Ἰτ
1226 3912 1241 3968 i*

105 4005 200 4078 stipis
218 4005 308 4067 αὐτοῖς
326 4005 378 4068 cair
396 4004 450 4058 sind
468 4023 488 4058 τ.
508 4023 538 4076 φ.
557 4024 584 4077 y.
614 4003 744 4074 τ’τττΐρρξτν.7
767 4002 810 4056 vei
834 3999 849 4055 8
873 4003 928 4075 ττῦρ
954 4003 1006 4066 ζῶν
1036 4003 1091 4057 sind
1113 4023 1132 4058 τ.
1158 4025 1189 4076 φ.
1212 4027 1239 4079 y.

106 4101 226 4174 enipeus?
339 4100 381 4155 66.
399 4100 427 4161 δε
440 4091 480 4168 ἧς]
498 4098 555 4164 liic
571 4114 648 4170 susp.
666 4093 710 4150 bd:
729 4097 757 4159 ἐξ
771 4087 825 4150 ori?
843 4094 927 4152 ibes?
963 4094 1005 4151 Gi.
1021 4114 1103 4168 supra
1118 4099 1240 4171 pstea

108 4195 145 4248 69.
160 4192 245 4263 σῶμα.
285 4189 387 4253 Ταύτας
404 4188 458 4267 τὰς]
478 4190 597 4264 σώματι.
637 4183 740 4250 Ταύτας
757 4187 802 4250 snio
820 4207 897 4261 susp.
916 4187 960 4243 Mt
985 4189 1110 4261 στόματα,
1133 4192 1241 4245 τουτέστι

107 4288 177 4349 siri:
194 4284 330 4358 σώμαῂα·
349 4287 420 4340 sirm
435 4281 475 4362 di]
493 4283 587 4347 ταύτης
605 4285 677 4339 oeni.
703 4281 865 4356 Bosporus,
891 4284 938 4357 qui
957 4283 1021 4338 dost.
1042 4285 1123 4338 etism
1142 4287 1170 4339 is
1188 4302 1240 4340 sm-

109 4379 191 4455 μάτωτ
209 4387 273 4451 post
289 4377 399 4452 σώματα
418 4377 572 4433 addendum
598 4393 659 4432 esse
685 4385 763 4450 putet
905 4372 971 4429 Post
999 4376 1088 4447 ψυχὰς
1113 4376 1238 4432 lacunam

110 4471 216 4544 signarit
233 4469 262 4525 Μ
375 4459 407 4522 osi
421 4469 507 4542 χάριν
525 4469 702 4542 φάωτοτστοι
720 4469 879 4523 coniectura
895 4465 940 4523 Mc
955 4467 986 4522 ori
1000 4469 1083 4541 χάριν
1101 4467 1238 4526 denodari}

111 4567 149 4621 76.
166 4563 383 4636 παρτιγενηθῆνατ
401 4559 472 4636 prC
615 4563 661 4618 ⁷³.
688 4559 927 4636 presciio'prarorC
