3050 4988
208 279 273 345 296
317 279 355 365 (p.
371 277 537 364 199.200.)
624 279 719 341 ιιυευ
742 281 786 354 vl,
811 285 860 340 ευ.
884 283 935 340 ευ.

211 455 265 536 τής
285 473 317 514 τε
338 449 501 524 ἐννοίας
521 453 576 513 καλ
596 453 650 536 τής
668 447 885 533 θελήσεως,
914 445 1020 531 ὥσπερ
1048 447 1291 531 συγκραθεισάν
1312 443 1360 518 είς

214 555 357 643 άλλήλας
378 556 397 643 ή
419 557 561 642 προβολή
582 561 638 621 τοῦ
660 579 691 620 τε
712 557 958 640 μονογενοῦς
987 557 1042 616 καὶ
1073 558 1126 638 τής
1156 550 1360 638 α’λήθείας

176 664 296 728 τέτατό
319 661 466 744 συζυγίαν
487 662 624 744 ἐγένετο,
654 661 710 736 οὕς
737 682 824 736 τινας
850 659 968 734 τόπους
993 664 1048 723 καὶ
1066 659 1196 733 είκόνας
1217 663 1280 721 τεόν
1302 657 1362 722 δύο

215 771 399 836 διαθέσεων
418 775 473 835 τοῦ
495 769 647 855 πατρὸς
669 767 814 832 διελθεῖν
842 767 877 831 ἐκ
904 771 967 830 τῶν
988 765 1137 852 δοράτων
1156 764 1284 850 δρατάς,
1308 769 1363 830 τοῦ

214 884 274 963 μὲν
295 877 530 965 θελήματος
549 877 604 940 τδν
625 879 728 951 νοῦν,
750 878 804 960 τῆς
826 873 862 938 δέ
884 874 1048 948 ἐννοίας
1068 875 1124 959 τήν
1145 871 1363 957 άλήθειαν·

216 990 270 1050 καί
286 985 291 1072 Ι
306 984 362 1049 διά
376 988 466 1048 τοῦτο
482 985 537 1048 τοῦ
558 981 761 1066 ἐπιγεννήτοῦ
783 978 1016 1064 θελήματος
1035 979 1052 1043 ὁ
1070 983 1173 1068 άρρήν
1187 981 1293 1058 εέκιόν,
1313 984 1367 1066 τής

218 1089 254 1154 δὲ
276 1091 447 1176 άγεννήτου
469 1090 632 1165 ἐννοίας
655 1089 671 1154 λ
696 1086 819 1175 θήλυς,
853 1085 921 1150 ἐπεὶ
943 1086 977 1150 τὸ
1001 1087 1154 1173 θέλημα
1176 1085 1282 1172 ω’σπερ
1305 1085 1367 1150 δυ’-

182 1209 313 1281 3οναμις
334 1198 456 1277 ἐγένετο
479 1203 533 1283 τῆς
553 1198 729 1270 ἐννοίας.
768 1192 937 1256 Ἐνενοεττο
958 1195 1101 1281 μὲνγὰρ
1124 1193 1175 1258 αἐί
1195 1193 1211 1280 ή
1229 1194 1367 1258 ἔννοια

217 1304 273 1389 τήν
293 1300 466 1389 προβολήν,
490 1300 529 1366 οδ
550 1304 658 1386 μέντοι
679 1321 715 1380 γε
737 1298 931 1385 προβάλλειν
961 1297 1039 1385 αδτή
1070 1301 1138 1364 κατ’
1167 1299 1266 1386 αὐτήν
1287 1297 1368 1384 ήόό-

219 1431 305 1485 νατυ,
329 1407 415 1472 άλλά
437 1407 600 1484 ἐνενοεέτο,
626 1405 675 1470 ότε
700 1405 736 1470 δέ
758 1405 775 1491 ή
798 1410 853 1471 τοῦ
876 1405 1105 1492 θελήματος
1119 1405 1255 1491 δύναμις
1280 1404 1370 1492 [ἐπε-

220 1513 353 1598 γένειο],
375 1511 442 1575 τότε
465 1513 511 1598 [ὃ]
534 1512 686 1575 ἐνενοεῒτο
708 1513 893 1596 προβάλλει.

307 1621 359 1682 39.
399 1616 512 1693 ’Λλλος
539 1617 576 1682 δέ
601 1642 647 1693 τις
681 1617 876 1695 διδάσκαλος
908 1617 1015 1684 αέτῶν
1045 1619 1198 1704 Μάρκος,
1235 1620 1371 1701 μαγικής

185 1724 371 1812 υυέμπειρος
392 1725 414 1788 ά
435 1728 495 1808 μὲν
518 1724 573 1790 όιά
599 1729 727 1809 κυβείας
748 1727 899 1812 ἐνεργῶν,
929 1726 952 1789 ά
980 1726 1016 1789 δέ
1048 1729 1103 1788 καί
1124 1724 1180 1790 διδ
1203 1722 1372 1807 δαιμόνων

221 1829 330 1916 ήπάτα
351 1829 502 1908 πολλούς.
557 1827 659 1907 Οότος
680 1831 786 1913 ἔλεγεν
807 1833 844 1897 ἐν
867 1831 954 1920 αὐτῷ
977 1832 1032 1918 τήν
1053 1834 1197 1918 μεγίστην
1219 1830 1285 1896 άπὸ
1308 1834 1370 1894 τῶν

223 1935 370 2024 δοράτων
404 1942 460 2000 καὶ
487 1936 757 2022 ἀκατονομάστων
786 1939 896 2003 τόπων
925 1939 1009 2003 εἶναι
1040 1937 1188 2021 δύναμιν.
1239 1939 1302 2000 Καὶ
1330 1934 1371 2020 δή

224 2045 379 2121 πολλάκις
400 2046 579 2130 λαμβάνων
608 2046 759 2132 ποτήριον
786 2043 830 2119 τός
860 2044 1066 2132 εὐχαριστῶν,
1096 2045 1150 2107 καὶ
1179 2043 1241 2114 ἐπὶἸ
1261 2043 1372 2108 πλεῖον

223 2152 370 2217 ἐκτείνων
389 2155 444 2217 τόν
465 2152 561 2234 λόγον
583 2157 635 2239 τῆς
657 2153 847 2239 ἐπικλήσεως
866 2154 1052 2240 πορφύρεον
1066 2152 1100 2217 τὸ
1114 2153 1258 2236 κέρασμα
1270 2149 1371 2213 ἐποίει

268 2383 507 2468 ΠοταΧΧΧΙΙΙ,
524 2383 579 2449 l...
590 2435 595 2448 .
605 2385 673 2446 Δόο
679 2383 741 2469 γάρ
755 2379 844 2458 οὗτος
857 2383 931 2468 (εοδ
941 2381 1154 2466 Πτολεμαῖος)
1169 2379 1318 2459 συζόγους
1331 2384 1375 2464 τῷ

225 2486 296 2570 θερί
316 2489 359 2571 τῷ
373 2483 449 2571 παρ’
466 2485 574 2562 αὐτοῖς
588 2489 701 2573 βυθῷ
721 2486 907 2573 καλουμένῳ
925 2485 1079 2572 ἐπενόησέ
1092 2491 1188 2549 τεκαὶ
1198 2485 1374 2570 ἐχαρίσατο.

225 2588 340 2662 ταύτας
357 2585 393 2651 δὲ
402 2593 456 2652 καὶ
470 2587 657 2653 διαθέσεσιν
671 2589 922 2675 (διάθεσινθοδ.
932 2594 1017 2676 reg.)
1035 2588 1194 2664 ἐκάλεσεν,
1205 2585 1377 2652 ἔννοιάν

226 2697 317 2755 τεκαὶ
327 2691 497 2778 θέλημα·
504 2699 559 2757 καὶ
574 2693 630 2779 τήν
644 2698 703 2778 μὲν
722 2692 884 2759 ἔννοιαν
902 2693 952 2757 δεῖ
966 2692 1219 2778 σονυπάρξασαν
1228 2691 1265 2755 ἐν
1279 2690 1376 2776 αὐτῷ,

225 2796 439 2883 ἐννοουμένην
461 2796 512 2861 dei
526 2803 560 2862 τό
575 2801 604 2862 τί
620 2797 858 2882 προβαλέσθαι,
873 2797 907 2862 τδ
924 2796 960 2861 δὲ
972 2797 1131 2883 θέλημα
1146 2796 1182 2861 ἐν
1200 2795 1287 2883 αόεῷ
1304 2796 1376 2859 ἐπι-

228 2900 411 2982 γινόμενον·
435 2906 561 2984 πρῶτον
575 2903 638 2988 γάρ
656 2901 814 2988 ένενοήθή
830 2901 1015 2988 προβαλεῖν,
1032 2900 1101 2965 είτά
1115 2918 1212 2987 φησιν
1226 2899 1376 2987 ήθέλησε.

229 3005 288 3068 Διδ
318 3009 372 3068 καλ
405 3009 468 3068 τῶν
496 3005 555 3069 δόο
578 3003 760 3070 διαθέσεων
788 3004 908 3070 τούτων
929 3009 950 3092 q*
971 3011 1025 3069 καὶ
1058 3004 1242 3089 δυνάμεων,
1276 3004 1377 3068 δυνά-

227 3131 296 3191 μεις
317 3107 378 3193 γάρ
401 3106 500 3183 αὐτάς
521 3107 623 3172 πάλων
644 3108 750 3186 καλεῖ,
773 3113 826 3194 τής
847 3109 1005 3185 ἐννοίας
1027 3115 1080 3173 καί
1101 3115 1155 3195 τής
1175 3109 1379 3195 θελήσεως

231 3211 307 3277 άστε
331 3211 390 3296 (τίς
410 3236 445 3292 γε
455 3213 484 3298 ἐ)
512 3217 753 3298 συγκραθεισῶν
774 3216 820 3290 είς
846 3213 989 3300 άλλήλας
1011 3221 1047 3305 τῇ
1069 3214 1213 3306 προβολή
1234 3219 1290 3278 τοῦ
1311 3235 1378 3298 μο-

230 3321 418 3397 νογενοῦς
439 3322 494 3381 καί
514 3321 568 3404 τής
589 3315 795 3404 άληθείας
817 3321 897 3384 κατά
921 3318 1070 3400 συζυγίαν
1091 3320 1231 3400 ἐγένετο,
1254 3318 1310 3395 οδς
1331 3343 1378 3384 τι·

229 3445 289 3498 νας
309 3423 426 3498 τόπους
448 3427 501 3485 καὶ
522 3423 649 3497 είκόνας
670 3426 733 3487 τῶν
755 3422 815 3488 όόο
838 3423 1020 3489 διαθέσεων
1046 3427 1102 3488 τοῦ
1124 3425 1276 3508 πατρὸς
1297 3437 1379 3510 προ·-

231 3527 342 3592 ελθετν
363 3532 426 3592 τάν
450 3526 598 3610 αόράτων
616 3527 750 3615 ὁρατάς,
783 3531 840 3592 τοῦ
860 3532 920 3612 μὲν
941 3529 1176 3614 θελήματος
1201 3530 1256 3615 τήν
1278 3527 1378 3614 α’λή-

233 3635 366 3709 θειαν,
389 3636 442 3718 τῆς
459 3631 495 3696 δὲ
518 3631 678 3708 ἐννοίας
698 3631 754 3698 τδν
774 3637 885 3711 νοῦν,
908 3636 963 3696 καί
977 3632 1032 3698 διά
1051 3634 1161 3698 τυόυου
1182 3637 1237 3698 τοῦ
1260 3632 1379 3718 θελή-

232 3759 353 3821 ματος
375 3736 393 3801 ὀ
414 3741 474 3821 μὲν
496 3739 598 3824 άρρήν
619 3738 714 3802 εἰκών
735 3739 788 3824 τῆς
817 3736 988 3824 άγεννήτου
1010 3738 1174 3813 ἐννοίας
1190 3742 1336 3818 γέγονεν,
1360 3736 1377 3802 ὁ

233 3840 268 3905 δὲ
290 3841 395 3926 θῆλυς
416 3845 486 3906 τοῦ
508 3840 740 3925 θελήματος.
770 3843 832 3929 ,Τό
856 3841 1013 3928 θέλήμα
1036 3845 1142 3906 τοίνυν
1157 3840 1294 3925 όόναμις
1311 3841 1381 3921 ἐγέ·

231 3966 301 4009 νετυ
321 3948 374 4031 ιής
395 3944 564 4020 ἐννοίας.
603 3943 740 4008 Ἐνενόει
761 3948 822 4029 μὲν
841 3947 903 4030 γάρ
926 3943 945 4031 ή
968 3943 1108 4009 ἔννοια
1129 3945 1185 4030 τήν
1205 3943 1377 4032 προβολήν,

232 4049 272 4115 οδ
293 4051 402 4135 μέντοι
424 4047 600 4133 προβαλετν
622 4047 700 4135 αότή
724 4051 803 4113 καθ’
825 4049 940 4135 ἑαυτήν
961 4046 1100 4134 ήδόνατο
1123 4049 1145 4112 ά
1169 4048 1306 4127 ἐνενόει,
1329 4049 1380 4114 ότε

233 4154 270 4218 δὲ
283 4152 303 4240 ή
318 4155 374 4217 τοῦ
383 4150 614 4237 θελήματος
625 4150 763 4236 όόναμις
778 4152 951 4232 ἐπεγένετο,
968 4153 1034 4216 τότε
1047 4152 1193 4216 όένενόει
1209 4148 1380 4238 πρόεβαλε.

305 4356 350 4408 23.
370 4352 457 4424 ὥσπερ
476 4351 688 4426 συγκραθειοαῖν]
702 4352 738 4414 τίς
751 4353 924 4425 περικριιθελς
936 4350 973 4409 C=
993 4351 1081 4426 οἵσπερ
1093 4352 1284 4426 κραθεισῶνΜ
1334 4355 1380 4409 25.

234 4443 371 4522 οόςτινας]
386 4442 576 4508 ὥςπναςΕΜ
646 4446 691 4500 26.
710 4445 837 4514 διελθεῖν]
849 4447 1012 4514 προελθεῖνί
1083 4445 1128 4500 28.
1141 4445 1154 4498 ό
1168 4445 1382 4518 δρρήνεέκάν]δ
