2920 4982
418 357 703 420 tucnurtltnrto:
747 353 914 417 ruentes.
1183 349 1246 419 505

97 534 178 608 [nna
201 531 286 611 pars]
311 528 401 610 quasi
423 545 515 592 unum
538 527 654 592 initium
678 535 821 610 tauquam
846 542 975 608 mugnus
1001 523 1089 610 lons,
1121 525 1153 588 in
1175 523 1248 588 inti-

97 637 168 702 nita
189 656 245 720 per
266 638 417 703 rationem
444 637 634 703 disseeabills
664 641 835 720 segmenta.
890 635 1019 698 Primum
1047 642 1148 698 autem
1171 653 1248 718 seg-

97 751 240 810 mentum
262 753 293 808 et
314 746 418 828 potius
440 743 610 810 seeundum
634 763 691 810 sos
714 752 761 808 est
783 745 870 827 trias,
893 747 926 805 et
947 760 1007 806 una
1031 740 1154 824 quidem
1177 759 1249 824 pars

98 853 274 936 appellatur
295 853 410 918 bonurn
434 853 625 937 perfeetum,
648 849 826 937 magnitudo
850 850 965 934 patria;
986 849 1123 914 secunda
1147 855 1248 914 nutem

99 979 175 1044 pers
197 960 304 1026 triadis
326 970 469 1044 tanquam
492 967 678 1044 potestatum
701 961 860 1024 innumera
892 957 1043 1042 quaedem
1074 956 1288 1038 multitud031o

99 1068 194 1133 tertia
227 1068 375 1153 speciale.
429 1067 469 1133 Et
501 1077 549 1134 est
585 1069 681 1151 prima
715 1067 838 1150 quidem
876 1066 906 1130 id
940 1065 1025 1149 quod
1058 1083 1121 1128 non
1156 1065 1251 1150 geni-

99 1183 166 1241 tum
189 1176 395 1262 ostionem,
426 1175 564 1241 seeundo
586 1183 688 1240 autem
710 1176 824 1240 bouum
854 1195 894 1238 ex
919 1193 954 1240 se
981 1175 1132 1258 genitum,
1160 1172 1250 1236 tertia

99 1286 263 1370 genitum:
298 1284 382 1350 unde
404 1285 566 1368 perspicue
589 1285 693 1349 dicunt
727 1291 792 1349 tres
823 1282 921 1369 deos,
952 1288 1017 1347 tres
1046 1280 1156 1366 logos,
1188 1290 1251 1346 tres

101 1400 242 1478 mentes,
273 1401 337 1458 tres
371 1393 521 1459 homines.
575 1392 710 1478 Singulis
740 1393 821 1457 enim
851 1391 988 1475 partibus
1020 1391 1144 1476 mundi,
1168 1390 1251 1454 divi·

100 1502 194 1566 sione
217 1500 373 1586 discreta,
406 1501 542 1566 uibumm
573 1509 604 1564 et
631 1499 708 1565 deos
732 1507 763 1564 et
785 1501 875 1584 logos
899 1505 931 1563 et
953 1497 1093 1563 homines
1116 1507 1147 1563 et
1169 1507 1289 1583 quaero

101 1609 222 1693 reliqua
252 1617 332 1674 sunt.
392 1608 535 1691 Desuper
566 1615 668 1672 autem
701 1627 742 1672 ex
771 1608 1062 1690 non-generatione
1092 1613 1123 1672 et
1151 1609 1250 1690 primo

103 1715 210 1780 mundi
231 1724 413 1801 segmento,
442 1735 510 1780 oum
544 1716 583 1780 ad
613 1717 908 1782 consummationem
940 1715 1087 1799 deinceps
1119 1715 1252 1782 mundus

103 1824 303 1908 eonstitisset,
319 1823 530 1888 descendisse
543 1823 677 1889 Herodis
699 1825 889 1907 temporibus
914 1826 1124 1889 trinuturatum
1147 1844 1252 1907 quen-

104 1931 175 1995 dam
207 1931 361 1997 hominem
396 1941 428 1996 et
459 1933 661 2015 tricorporem
694 1941 725 1996 et
753 1934 967 2019 tripotentem,
993 1942 1135 1998 uocatum
1159 1933 1252 1999 Chri·

104 2046 203 2124 stum,
223 2041 255 2103 in
277 2057 313 2103 ss
337 2037 503 2106 habentem
527 2060 544 2104 a
567 2039 663 2106 trihus
684 2042 823 2123 partibus
855 2038 959 2105 mundi
987 2041 1089 2105 omnia
1114 2051 1290 2107 nonore-to

104 2155 207 2212 menta
243 2155 275 2211 et
302 2152 481 2230 potestates.
525 2146 565 2212 Et
594 2147 654 2213 hoo
690 2165 762 2213 esse
797 2147 906 2215 volunt
936 2148 1020 2232 quod
1053 2148 1181 2214 dieitur:
1216 2152 1253 2214 In

104 2275 166 2340 quo
187 2255 342 2320 indobdot
363 2257 463 2319 omnm
491 2255 652 2339 plenitudo
680 2257 853 2322 diamttotts
882 2259 1101 2341 corporaliter.
1144 2258 1253 2324 Deleta

105 2372 205 2430 nutem
228 2383 299 2430 esse
322 2384 340 2431 a
362 2365 629 2448 superiacentium
652 2366 774 2432 mundis
797 2366 936 2452 duobus,
964 2373 996 2432 et
1018 2372 1253 2450 non-generato

106 2482 199 2539 etex
221 2493 257 2539 se
279 2474 347 2557 ipso
371 2483 541 2559 generato,
577 2474 608 2538 in
637 2473 719 2539 huno
741 2475 903 2562 mundum,
939 2477 971 2539 in
1001 2495 1063 2558 quo
1093 2495 1253 2544 versemur

106 2600 180 2667 nos,
204 2581 435 2648 omnifarinrun
457 2590 643 2665 potestatum
667 2585 793 2648 semine.
839 2583 1012 2648 Derenisse
1034 2591 1134 2648 autern
1159 2583 1291 2653 cirri-to

107 2698 186 2754 stunr
219 2687 355 2773 desuper
383 2710 400 2755 a
432 2691 739 2776 non-generatione,
770 2699 802 2758 ut
832 2709 890 2773 per
918 2691 1153 2756 descensionem
1184 2695 1251 2758 eius

109 2798 209 2862 omnia
231 2797 424 2862 salvarentur
450 2796 597 2862 trifariam
627 2797 735 2863 divisa.
802 2799 890 2874 Quae
919 2799 1017 2885 enim,
1045 2800 1157 2885 iuquit,
1190 2799 1251 2864 de-

109 2925 203 2990 super
234 2907 447 2992 dereneront,
480 2904 650 2972 ascendent
682 2924 739 2988 per
770 2925 858 2992 eum,
887 2924 968 2990 quae
1001 2924 1077 2972 vero
1110 2908 1250 2975 insidiate

84 3161 233 3258 ’πρόης
250 3173 307 3236 τοῦ
334 3171 455 3254 κόσμου
484 3169 682 3256 διαιρέσεως,
714 3167 795 3258 παρ’
828 3167 928 3256 αιλιὴν
960 3169 1016 3256 τήν
1042 3173 1098 3236 τοῦ
1131 3168 1252 3256 κόσμου

110 3281 295 3358 σονιέλαιαν,
318 3279 355 3346 ἐν
375 3291 439 3357 rolf
454 3279 600 3367 Ἦροόόον
621 3280 748 3366 χρόνοις
769 3278 1023 3366 κατεληλυθέναι
1044 3283 1159 3366 οριφοῆ
1182 3301 1253 3346 ανα

110 3390 289 3478 ἄνθρωπον
309 3392 365 3454 sal
380 3391 538 3476 τρ1σωμον
559 3391 614 3452 καὶ
634 3386 846 3474 τριόόναμον,
877 3387 1078 3473 καλούμενον
1103 3389 1252 3476 Χρισιόν,

110 3503 163 3563 eol
184 3497 329 3564 όιολθοτν
357 3497 413 3563 τόν
430 3521 461 3562 rs
483 3495 656 3584 ἀγέννητον
680 3498 800 3581 κόσμον
829 3501 885 3562 καὶ
912 3497 968 3564 τόν
994 3495 1165 3586 advorsari,
1199 3501 1254 3563 καλ

111 3608 219 3676 λλόιῐν
246 3609 292 3685 etr
319 3607 410 3674 ιόνόι
440 3609 496 3673 τόν
525 3607 662 3692 κόσμον,
689 3605 726 3671 ἐν
756 3601 784 3694 p
811 3606 914 3691 λσμέν.
969 3606 1145 3673 unleds
1175 3607 1211 3672 dd
1234 3605 1251 3673 ό

112 3719 244 3806 Χρισιός
263 3719 303 3783 τό
323 3721 384 3803 μὲν
404 3718 540 3783 ἄνωθεν
560 3719 809 3803 καανηνινμένα
831 3715 1028 3784 ἐπανελθεῖν
1050 3717 1119 3782 ἄνω
1142 3741 1252 3803 παρα.

114 4005 139 4060 p.
158 3988 218 4052 l'ld,
235 3987 270 4041 77
389 3986 431 4042 ld.
457 3986 500 4041 17.
529 3983 594 4058 ὅπερ
613 4013 647 4026 -
664 3983 817 4057 γνωτόν]
844 4001 889 4038 om
916 3980 985 4038 CM
1004 3980 1183 4054 Bernryrias.
1208 3978 1252 4039 Gl.

114 4095 190 4153 supra
209 4096 237 4152 p.
253 4081 312 4144 176,
331 4079 376 4134 79.
393 4079 430 4133 80
537 4079 583 4135 23.
602 4077 710 4150 respon]
729 4072 882 4150 ιριφοόνῦ
971 4075 1016 4130 23.
1030 4070 1251 4147 αότῷ]αόιᾴ(ἶλλ

114 4172 154 4227 mi
171 4167 286 4246 κόσμοι]
306 4167 387 4226 Haeo
405 4169 488 4225 rerba
509 4169 625 4225 delenda
646 4187 708 4228 esre
727 4171 780 4224 iem
801 4166 970 4240 Bernaysius
988 4165 1065 4221 vidit.
1103 4163 1147 4222 ct.
1167 4183 1250 4239 supra

116 4283 139 4336 p.
158 4265 217 4329 178,
236 4265 272 4320 89
404 4263 450 4319 23.
469 4263 515 4318 27.
536 4259 645 4318 Colone.
664 4266 691 4328 7,
711 4264 727 4318 9
859 4263 905 4316 ut.
924 4255 1089 4336 σαμααιιός]
1110 4257 1213 4330 uulpem
1229 4255 1251 4314 C

116 4359 156 4413 ³0.
184 4353 327 4435 nominer]
352 4359 466 4412 normis
493 4351 590 4411 GM.
628 4351 716 4411 Sicuti
741 4371 793 4410 nos
817 4353 900 4408 etism
928 4349 1095 4422 Bernnpsins
1121 4352 1251 4407 correxit.

116 4448 153 4508 Gi.
172 4467 253 4520 supra
273 4467 301 4522 p.
322 4449 385 4512 tutia
400 4449 436 4506 93
587 4447 631 4502 31.
651 4447 821 4520 dysrrnolas]
839 4445 881 4512 τῆς
898 4443 1079 4518 tremulosi
1104 4439 1147 4498 Gi.
1167 4460 1251 4516 supra

116 4562 141 4619 p.
159 4542 219 4610 178,
238 4543 273 4596 37
449 4542 495 4597 37.
520 4541 605 4616 σωθῇ]
624 4537 747 4596 σαθιῖῦ
