3050 4988
213 285 277 351 328
329 286 465 367 (μείω.)
598 289 693 346 ιιοωο
716 289 760 361 υτ,
785 292 834 347 σο.
859 293 909 349 οι.

216 452 295 517 οκτώ
317 456 435 540 ψῆφον
456 451 668 532 ἐπιδεικνύον,
690 457 825 520 τουτέστι
847 454 901 520 τὺν
918 454 1050 540 Ἰησοῦν,
1072 453 1107 520 ἐκ
1124 453 1255 518 πάντων
1271 470 1363 517 συνε-

216 563 317 624 στῶτα
347 564 410 624 τών
443 559 605 648 α’ριθμών.
661 567 724 626 Καὶ
750 562 804 627 διά
836 567 925 628 τοῦτο
956 562 1051 648 ἄλφα
1073 564 1142 650 [καὶ
1163 563 1206 649 οἶ]
1242 560 1369 644 δνομάω

190 706 194 716 ·
218 665 330 742 ζεσθαι
351 665 470 746 αὑτόν,
494 669 549 754 τῆν
571 669 606 734 ἐκ
625 669 756 734 πάντων
776 672 900 750 γένεσιν
922 673 1128 756 σημαίνοντα.

305 779 356 841 51.
402 781 482 863 Περὶ
508 776 544 841 δέ
572 781 625 864 τῆς
653 776 764 842 τούτου
797 777 1003 864 δημιουργίας
1032 777 1131 852 οὑτως
1158 775 1255 856 λέγει·
1284 773 1367 838 ’Ano

180 885 271 968 ευτῆς
291 881 440 967 τετράδος
459 888 513 970 τῆς
535 884 684 968 δευτέρας
713 884 867 970 δυνάμεις
895 885 1111 971 α’πορρυείσας
1140 883 1369 970 δεδημιουργη-

218 993 309 1055 κέναι
329 991 385 1056 τδν
405 992 458 1056 ἐπὶ
479 996 536 1077 γῆς
557 996 701 1078 φανέντα
718 991 855 1078 Ἰησοῦν,
879 997 1010 1058 καὶτοῦ
1032 993 1152 1074 λόγου
1185 993 1241 1056 τόν
1268 993 1370 1055 τόπον

218 1095 527 1184 οἷναπεπληρωκέναι
549 1099 604 1163 τὺν
625 1098 760 1180 ἄγγελον
778 1098 930 1186 Γαβριῆλ,
962 1104 1015 1184 τῆς
1045 1099 1081 1164 δέ
1104 1097 1197 1184 ζωῆς
1218 1098 1252 1162 τδ
1275 1097 1370 1176 άγιον

218 1209 359 1289 πνεῦμα,
381 1209 437 1270 τοὺ
458 1205 494 1270 δέ
518 1203 740 1293 α’νθρώπου
761 1207 816 1292 τῆν
837 1211 892 1270 τού
913 1204 1050 1293 ὑψίστου
1072 1205 1228 1289 δύναμιν,
1258 1208 1310 1290 τῆς
1332 1203 1371 1268 δὲ

219 1310 433 1398 ἐκκλησίας
453 1313 508 1398 τῆν
529 1316 711 1398 παρθένον.
765 1313 874 1389 Οδτως
895 1315 912 1378 ὑ
935 1313 1001 1378 κατ’
1028 1315 1215 1397 οἰκονομίαν
1237 1312 1293 1377 διὰ
1314 1317 1370 1396 τῆς

182 1427 211 1476 45
221 1422 357 1506 Μαρίας
386 1432 645 1506 γενεσιουργετται
676 1418 752 1506 παρ’
781 1419 868 1506 αὑτῷ
898 1423 1086 1505 ἄνθρωπος.
1134 1419 1305 1495 Ἐλθόντος
1333 1419 1370 1484 δὲ

222 1522 320 1588 αὑτοῦ
346 1524 392 1601 είς
420 1525 454 1588 τδ
483 1523 588 1610 ύδωρ,
625 1523 795 1589 κατελθεῖν
823 1524 870 1600 είς
897 1523 994 1590 αδτδν
1025 1523 1068 1600 ιὺς
1099 1527 1284 1610 περιστεράν
1313 1526 1371 1588 τὸν

222 1629 441 1713 ἀναβαίνοντα
463 1632 532 1696 ἄνω
554 1635 608 1696 καὶ
629 1631 842 1718 πληρώσαντα
862 1633 918 1696 τδν
945 1629 1127 1696 δωδέκατον
1149 1629 1309 1717 ἀριθμόν,
1333 1630 1370 1694 ἐν

222 1732 249 1824 ᾧ
270 1737 407 1823 ὑπάρχει
427 1741 462 1804 τδ
485 1742 612 1827 σπέρμα
632 1740 750 1804 τούτων
769 1744 837 1827 τών
859 1741 1184 1827 συγκατασπαρέναον
1206 1736 1292 1823 αύτῷ
1314 1742 1370 1802 καὶ

222 1847 486 1928 συγκαταβάντων
519 1852 573 1910 καὶ
604 1847 863 1929 συναναβάντων.
922 1847 1050 1932 Ταύτην
1078 1845 1114 1910 δέ
1142 1841 1199 1930 τῆν
1229 1844 1371 1928 δύναμιν

184 1955 277 2039 ουτῆν
300 1957 488 2036 καταβᾶσαν
508 1954 555 2029 είς
575 1953 690 2030 αὑτόν,
715 1955 868 2040 [σπέρμα]
893 1957 990 2040 φησίν
1010 1955 1094 2018 εῖναι
1114 1956 1170 2017 τοῦ
1191 1951 1370 2038 πληρώμα-

221 2147 357 2234 [ἔπειτα]
381 2145 580 2224 δεικνύοντα,
602 2149 736 2212 τουτέστι
758 2147 792 2212 τδ
814 2151 887 2235 ε’ΐῆ,
910 2148 964 2213 τδν
986 2149 1021 2212 ἐκ
1043 2148 1175 2214 πάντων
1197 2153 1371 2214 συνεστῶτα

222 2257 285 2317 τών
307 2252 477 2340 όριθμών,
508 2258 562 2317 καὶ
595 2253 650 2318 διὰ
681 2259 737 2320 τοῦ
766 2254 860 2340 ἄλφα
890 2261 944 2319 καὶ
967 2260 996 2320 ὦ
1018 2255 1237 2341 δνομάζεσθαι
1259 2256 1369 2334 αὑτόν,

222 2361 277 2448 τῆν
297 2362 332 2426 ἐκ
354 2363 484 2426 πάντων
511 2364 633 2442 γένεσιν
663 2367 864 2449 σημαίνοντα.
921 2368 984 2427 Καὶ
1016 2363 1116 2428 πάλιν
1146 2363 1258 2438 οὑτως·
1306 2367 1373 2449 Τῆς

223 2471 346 2555 πρώτης
367 2470 513 2556 τετράδος
541 2472 621 2534 κατά
655 2471 834 2558 πρόσβασιν
861 2469 1006 2557 α’ριθμοῦ
1035 2472 1082 2546 είς
1102 2469 1202 2557 αὑτῆν
1223 2474 1371 2536 συντιθε-

221 2581 319 2664 μένης
340 2577 357 2642 ὑ
379 2583 444 2644 τών
466 2578 545 2642 δέκα
566 2578 714 2665 ἀνεφάνη
738 2577 891 2665 δριθμός.
912 2601 940 2643 κ.
963 2602 988 2642 τ.
1011 2578 1040 2643 λ.

314 2685 362 2750 10.
404 2683 485 2750 Ἀπδ
507 2686 654 2773 τετράδος
673 2688 736 2773 γάρ
758 2686 928 2772 προῆλθον
951 2685 981 2750 οἳ
1004 2685 1135 2761 αέιύνες·
1158 2683 1198 2772 ῆν
1220 2685 1256 2749 δὲ
1278 2685 1372 2777 ἐντῆ

222 2791 345 2879 τετράδι
368 2794 592 2878 ἄνθρωπος
622 2797 676 2857 καὶ
697 2792 902 2878 ἐκκλησία,
932 2792 1049 2873 λόγος
1079 2797 1133 2856 καί
1162 2791 1249 2878 ζωῆ.
1290 2791 1371 2857 'Ano‘

222 2899 340 2964 τούτων
363 2898 421 2964 οὑν
443 2899 612 2983 δυνάμεις,
641 2903 746 2986 φησίν,
778 2899 988 2987 α’πορρυετσαι
1017 2899 1295 2986 ἐγενεσιούργησαν
1316 2903 1373 2964 τόν

223 3005 277 3070 έπὶ
289 3010 345 3092 γῆς
355 3009 498 3092 φανέντα
505 3007 635 3092 Ἰησοῦν,
651 3012 704 3070 καὶ
718 3010 773 3071 τοῦ
787 3010 846 3090 μὲν
860 3006 984 3087 λόγου
997 3005 1305 3094 α’ναπεπληρωκέναι
1315 3008 1371 3072 τόν

222 3112 322 3175 τόπον
333 3111 387 3174 τδν
403 3110 538 3193 ἄγγελον
550 3115 579 3174 Γ
575 3110 699 3196 αβριῆλ,
722 3114 776 3196 τῆς
794 3111 829 3174 δὲ
846 3109 941 3195 ζωῆς
956 3113 990 3174 τό
1006 3111 1099 3191 άγιον
1113 3114 1249 3194 πνεῦμα,
1269 3115 1323 3175 τοῦ
1334 3111 1371 3174 δὲ

224 3218 452 3304 ἀνθρώπου
469 3220 524 3304 τῆν
538 3217 676 3301 δύναμιν
693 3223 748 3282 τοῦ
763 3215 845 3296 οἱοῦ,
861 3218 961 3282 τὺνδὲ
977 3222 1030 3304 τῆς
1043 3217 1257 3305 ἐκκλησίας
1271 3217 1372 3284 τόπον

222 3328 242 3414 ῆ
257 3330 425 3410 παρθένος
441 3326 603 3404 ἐπέδειξεν
611 3325 741 3412 [ἔδειξεν
753 3329 827 3392 eod.
840 3328 932 3412 reg.].
956 3325 1065 3401 Οὕτως
1079 3350 1110 3390 τε
1129 3325 1146 3390 ὑ
1161 3325 1233 3390 κατ’
1246 3327 1372 3391 οίκονο-

222 3438 302 3519 μίαν
323 3434 377 3499 διά
399 3439 452 3519 τῆς
472 3437 608 3520 Μαρίας
628 3445 886 3521 γενεσιουργείται
915 3434 990 3522 παρ’
1014 3431 1100 3520 αδτιῆ
1123 3435 1310 3520 ἄνθρωπος,
1334 3437 1373 3500 ὃν

223 3541 386 3627 ὑπατῆρ
398 3545 461 3606 τών
475 3540 560 3606 όλων
582 3540 755 3606 διελθόντα
773 3541 828 3606 διά
840 3541 961 3628 μῆτρας
982 3540 1145 3620 ἐξελέξατο
1170 3542 1226 3606 διὰ
1249 3540 1373 3624 λόγου
1436 3542 1441 3552 ’

223 3651 268 3724 είς
284 3650 454 3729 ἐπίγνωσιν
467 3647 576 3714 αὑτοῦ.
601 3648 771 3725 Ἐλθόντος
785 3649 821 3714 δὲ
837 3648 935 3714 αὑτοῦ
956 3651 1001 3726 είς
1016 3649 1050 3714 τδ
1073 3649 1180 3737 ύδωρ,
1204 3651 1373 3716 κατελθεῖν

225 3757 270 3831 είς
287 3753 385 3820 αὑτὸν
408 3753 450 3831 (ὑς
471 3762 658 3843 περιστεράν
678 3760 733 3822 τὸν
749 3756 982 3842 ἀναδραμόντα
1000 3757 1069 3822 ἄνω
1091 3763 1144 3821 καὶ
1160 3757 1373 3844 πληρώσαντα

225 3869 279 3928 τδν
302 3862 484 3929 δωδέκατον
506 3864 669 3952 δριθμόν,
697 3865 733 3929 ἐν
755 3861 782 3952 ηδ
803 3863 939 3948 ὑπάρχει
960 3867 994 3930 τὺ
1024 3869 1152 3950 σπέρμα
1173 3865 1290 3931 τούτων
1311 3871 1374 3931 τών

220 3974 451 4057 συσπαρέντων
462 3971 549 4060 αδτηῖ
565 3979 619 4036 καὶ
635 3972 901 4056 συγκαταβάντων
915 3976 970 4036 καὶ
984 3971 1244 4056 συναναβάντων.
1266 3970 1375 4059 Αδτῆν

220 4079 257 4144 δὲ
278 4078 333 4165 τῆν
361 4077 500 4162 δύναμιν
522 4080 745 4145 κααλθούσαν
765 4083 893 4167 σπέρμα
916 4085 1012 4168 μησὶν
1032 4081 1117 4144 εἶναι
1137 4082 1193 4145 τού
1212 4077 1374 4166 πατρός,

259 4213 454 4224 -,,,-,,,.-..,-
463 4211 684 4218 --ω-ψ-μ-
994 4207 1019 4214 ι·-
1328 4205 1376 4214 -n

293 4271 338 4326 36.
365 4263 561 4322 ἐπιδεικνύουσα
580 4261 602 4319 C
621 4263 650 4320 Μ
764 4265 809 4320 36.
828 4264 873 4319 37.
892 4263 1036 4318 συνεστῶτα
1053 4265 1115 4332 τῶν]
1134 4263 1186 4316 πὺν
1204 4259 1368 4316 συνεστώτων

230 4361 252 4419 C
273 4359 303 4418 M
417 4359 462 4414 37.
482 4357 528 4412 καὶ
547 4358 572 4411 οῖ
590 4373 634 4411 om
655 4354 676 4412 C
694 4354 724 4413 M
849 4357 894 4412 40.
917 4357 963 4412 41.
987 4355 1134 4429 δπορυεῑσα
1159 4355 1375 4428 δεδημιουργικέ-

226 4452 312 4511 ναοῦ
404 4451 524 4507 41-44.
554 4447 597 4504 Cf.
616 4447 683 4503 Luc.
706 4452 729 4514 1,
747 4449 864 4506 26-38.
955 4449 1000 4504 41.
1029 4449 1074 4503 τὸν
1091 4447 1182 4519 τόπον]
1201 4442 1375 4502 τοὺτονῦλί
