3056 4970
599 297 604 302 ’
657 303 823 364 umarus.
1248 299 1310 368 180

165 463 288 549 insons,
308 484 370 528 non
392 483 626 544 consenescens,
648 468 773 530 moenie
794 467 1012 546 pulcritudinis
1019 513 1029 545 ,
1052 470 1311 548 uoluptatis,oi-

164 575 264 654 poris,
287 573 450 654 oppetitur,
473 573 750 654 concupiscentiae,
773 592 861 654 mem
881 575 1008 640 cococit
1024 575 1312 655 ignoruntiodmo-

165 699 250 757 rem,
272 681 361 743 cetius
381 679 424 742 cd
444 681 608 762 imaginem
630 682 798 744 actiterunt
816 679 908 744 Pares
919 728 927 762 ,
948 680 1134 760 Narcissus,
1158 683 1312 764 Ganyme-

166 786 233 869 des,
255 785 436 868 Ertdpmion,
464 787 619 866 Μυκη,
643 787 776 868 Icarius,
797 786 895 864 Leda,
919 786 1092 868 homone,
1117 788 1227 868 Titett's,
1248 790 1351 852 lte-u

167 893 320 975 speridm,
345 895 460 968 tcum,
483 893 636 972 Leander,
662 894 754 958 Hero.
799 893 836 958 lli
851 901 922 957 sunt
942 897 1070 976 proastii
1083 913 1182 977 usque
1199 900 1236 961 ad
1254 915 1312 960 ae-

168 1000 311 1079 therem3
334 1003 380 1066 sio
403 1003 484 1066 euim
506 1010 538 1065 et
560 1001 698 1072 inscribit
721 1000 839 1066 librum.

259 1106 309 1172 15.
353 1108 551 1191 Perspicuum
583 1109 695 1172 nemini
727 1123 790 1172 uon
818 1106 909 1172 laoile
930 1105 1043 1171 iactum
1067 1114 1116 1171 est
1135 1107 1310 1173 Peratarum

168 1212 315 1280 haeresin
351 1216 389 1279 ab
430 1215 665 1300 astrologorum.
687 1215 863 1279 translatam
899 1232 971 1280 esse
1001 1214 1173 1278 nominibus
1208 1222 1307 1280 tanus.

169 1320 307 1386 Eandem
340 1329 441 1388 autam
471 1323 624 1387 rationem
656 1322 816 1386 continent
843 1323 934 1386 etium
961 1320 1073 1402 reliqui
1101 1320 1171 1384 libri
1194 1329 1351 1406 eorumne

169 1427 197 1491 si
220 1428 270 1492 cui
293 1428 444 1512 placuerit
473 1446 582 1494 omnes
611 1429 810 1512 perlustrare.
875 1427 1017 1492 Omnium
1051 1431 1145 1514 enim,
1179 1434 1212 1492 ut
1241 1429 1313 1512 dixi,

170 1551 252 1616 quae
274 1541 346 1600 nata
366 1541 445 1620 sunt,
469 1553 580 1601 causus
602 1543 739 1601 statuunt
762 1553 834 1600 esse
855 1553 917 1600 non
938 1544 1009 1600 nuta
1026 1542 1057 1600 et
1079 1537 1314 1619 superiacentie,
1389 1582 1393 1592 ,

170 1649 203 1706 at
230 1649 329 1707 ortum
353 1663 424 1708 esse
446 1663 503 1726 per
527 1643 735 1708 defluxionem
759 1643 902 1708 mundum
928 1649 1081 1720 nostrum,
1115 1661 1206 1725 quem
1236 1661 1313 1726 spe-

170 1748 279 1813 cialem
302 1749 344 1814 illi
365 1751 536 1837 appellant,
560 1759 590 1816 et
611 1752 667 1816 bas
691 1767 799 1816 omnes
822 1751 909 1816 simul
931 1750 1052 1835 stellas,
1079 1769 1159 1834 quae
1183 1753 1312 1834 conspi-

142 1925 145 1930 ,
170 1857 298 1920 ciuntur,
321 1858 352 1921 in
380 1857 488 1942 eaelo,
522 1859 731 1941 generationis
761 1864 907 1922 auctores
930 1858 1068 1922 extitisse
1087 1857 1176 1922 buius
1199 1859 1351 1944 muudi‚³c

168 1969 321 2028 mutantes
344 1983 448 2029 aarum
471 1967 612 2049 nomina,
639 1972 673 2029 ut
695 1966 927 2048 comparatione
948 1965 1154 2047 proastiorum
1176 1966 1312 2031 instituta

167 2067 242 2134 licet
273 2069 398 2150 uiderc;
433 2071 545 2136 deinde
576 2079 677 2137 autem
710 2071 841 2138 eundem
872 2072 903 2136 in
937 2071 1082 2157 modum,
1114 2079 1148 2136 ut
1178 2075 1313 2138 extiterit

166 2175 298 2240 mundus
328 2196 346 2241 e
373 2177 551 2244 defluxione
581 2179 731 2265 desuper,
760 2182 806 2245 sic
826 2199 878 2246 res
895 2179 1070 2265 ‚mundanas
1095 2199 1112 2245 a
1135 2180 1311 2246 defluxione

168 2282 324 2348 stellarum
356 2287 529 2368 genituram
549 2285 667 2352 habere
691 2295 723 2352 et
743 2289 898 2353 interitum
921 2287 1022 2352 dicunt
1045 2294 1076 2353 et
1097 2286 1310 2354 administrari.

168 2389 424 2474 Quandoquidem
449 2392 600 2478 astrologi
622 2401 736 2459 norunt
757 2393 966 2477 horoscopum
991 2402 1022 2458 et
1045 2413 1257 2461 mesuranema
1282 2399 1350 2460 etto

168 2515 312 2562 occasum
337 2508 368 2564 et
388 2503 675 2588 antimesuranema‚
699 2509 739 2587 et,
762 2501 809 2566 his
831 2500 927 2565 stellis
952 2501 1027 2566 alias
1050 2501 1139 2566 aliter
1154 2505 1308 2567 mouenti-

167 2604 226 2669 bus
249 2612 376 2689 propter
398 2611 636 2673 conversionem
660 2626 784 2692 semper
807 2610 951 2691 universi,
975 2610 1049 2673 aliis
1073 2609 1147 2674 alias
1171 2610 1312 2674 declina-

166 2714 269 2776 tiones
303 2716 439 2780 existere
475 2716 645 2782 secandum
686 2723 825 2780 centrum
865 2721 896 2778 et
932 2717 1046 2782 centris
1079 2716 1311 2782 successiones:

166 2815 313 2884 aliorsi‘tm
337 2820 538 2886 deflectentes
562 2822 789 2907 astrologorum
810 2822 1055 2905 descriptionem,
1077 2829 1215 2888 centrum
1239 2825 1312 2905 qui-

169 2925 239 2990 dem
262 2934 406 3010 tanquam
431 2927 521 2993 deum
545 2937 577 2993 et
600 2929 764 2994 monadem
786 2935 817 2992 et
847 2928 1002 2994 dominum
1028 2931 1193 2993 universae
1216 2930 1350 3014 geni-to

167 3041 256 3098 turae
279 3033 476 3122 adumbrant,
507 3035 743 3102 declinationem
765 3046 867 3102 autem
890 3038 1057 3121 sinistram,
1080 3039 1310 3102 successionem

166 3147 268 3204 aulem
292 3139 442 3207 dextram.
488 3143 618 3218 Quando
641 3145 734 3228 igitur
757 3147 834 3228 quis,
858 3145 909 3226 qui
932 3143 963 3207 in
984 3144 1081 3209 libros
1104 3162 1211 3210 eorum
1229 3145 1311 3210 inci-

107 3267 118 3282 ·
167 3246 219 3329 dit,
243 3253 425 3330 potestatem
447 3251 585 3332 reperiet
606 3249 685 3331 apud
710 3268 766 3314 eos
789 3250 899 3315 dietam
923 3249 1061 3315 dextram
1078 3252 1127 3316 vel
1147 3251 1310 3338 sinistram,

165 3360 306 3419 recurrat
328 3355 367 3419 ad
390 3363 530 3420 centrum
554 3365 585 3421 et
607 3357 842 3422 declinationem
867 3366 895 3422 el
917 3360 1157 3443 successionem,
1180 3366 1212 3422 et
1233 3377 1309 3440 per-

166 3461 278 3544 spiciet
307 3463 389 3528 clara
418 3465 594 3529 universam
625 3483 733 3529 eorum
762 3465 950 3548 disciplinam
981 3483 1052 3530 esse
1082 3464 1309 3550 astrologorum
1319 3475 1349 3524 tr

166 3567 345 3634 doctrinam.

257 3691 306 3757 16.
352 3693 518 3775 Appellent
540 3702 640 3759 autem
663 3710 736 3758 sese
757 3694 892 3779 Paratus,
915 3692 988 3758 nihil
1010 3712 1104 3776 posse
1127 3696 1310 3759 arbitrantes

167 3817 275 3864 eorum
298 3817 379 3880 quae
401 3801 432 3862 in
455 3800 597 3882 genitura
621 3801 757 3863 nituntur
776 3799 914 3884 ellugere
935 3805 1051 3864 sortem
1076 3821 1093 3865 a
1115 3803 1254 3886 genitura
1273 3804 1310 3864 iis

166 3925 248 3990 quae
269 3907 376 3991 genita
400 3913 472 3970 suut
494 3904 659 3971 delinitam.
704 3906 780 3970 Nam
803 3907 937 3988 siquid,
961 3907 1070 3991 inquit,
1093 3913 1195 3971 natum
1207 3958 1216 3992 ,
1240 3926 1310 3971 om-

164 4142 251 4212 tet‘tdt]
275 4140 336 4204 rode
358 4139 388 4196 tid
413 4138 435 4196 C
457 4137 489 4196 M
628 4141 673 4196 68·
699 4141 743 4196 69.
779 4140 970 4204 ἐναλλάξαντας
993 4138 1024 4196 Μ
1153 4139 1198 4192 75.
1222 4155 1310 4192 κινου-

164 4236 267 4310 μένων]
294 4229 487 4307 perspicuus.
602 4233 647 4286 Π.
672 4234 797 4305 κέντροις]
822 4235 954 4306 uiurpuv?
1068 4230 1112 4286 79.
1137 4229 1310 4299 cinomanica]
1362 4265 1369 4278 .

164 4326 356 4388 inmunorimc
375 4322 396 4379 C
414 4321 445 4379 ll
559 4323 605 4379 83.
625 4323 770 4397 ἀναφορὰν
787 4321 810 4380 C
830 4322 861 4380 M
931 4324 978 4395 uui
994 4323 1145 4392 κατόψεται]
1172 4321 1312 4390 rumpunt

166 4415 204 4474 G·
231 4417 277 4473 teni
295 4417 390 4488 ductor
405 4414 436 4473 M
