3050 4988
666 327 814 386 stocos.
1248 320 1312 386 327

160 503 189 562 Ρ
208 497 286 584 (rho)
311 505 411 564 autem
436 496 565 561 duorum
589 506 619 560 et
635 496 725 584 aliti)
750 497 880 564 duorum
905 501 935 558 et
956 497 978 557 1
996 493 1080 578 (iota)
1104 498 1262 578 quattuor,
1284 492 1315 553 Σ

160 606 277 692 (sigma)
301 605 436 687 quinque
460 610 491 667 et
515 607 548 667 Τ
571 605 642 692 (tau)
665 609 771 687 trium,
795 599 893 687 odio)
918 610 1019 666 autem
1044 598 1174 663 duorum
1196 604 1227 659 et
1249 592 1313 658 dciv

163 715 261 777 trium.
320 711 365 775 ita
395 709 426 774 id
458 711 541 793 quod
575 713 606 775 in
638 712 760 776 Christo
789 720 837 775 est
864 708 1020 772 ineffabile
1054 705 1158 769 dieunt
1188 705 1349 786 trigintaoo

163 836 232 881 esse
257 818 490 880 elementorum.
542 818 581 882 Et
603 826 728 901 propter
750 817 812 882 hoc
835 817 920 881 aiunt
943 831 1012 877 eum
1041 812 1159 876 dicere:
1191 810 1257 891 spo
1280 812 1316 871 A

161 933 193 988 et
214 926 261 1000 Ω,
286 923 501 988 ostendentem
525 926 694 990 columbam
718 944 797 1008 quae
827 923 909 988 hunc
938 921 1033 985 habat
1055 937 1229 998 numerum,
1260 916 1311 998 qui

162 1039 208 1097 est
231 1032 405 1110 octingenta
429 1047 532 1094 unum.

247 1135 298 1199 50.
343 1135 380 1199 Et
401 1135 488 1198 iesus
510 1153 587 1200 vero
610 1133 691 1199 hane
714 1135 807 1200 habet
828 1135 1013 1202 ineffabilem
1037 1133 1200 1217 originem.
1237 1129 1313 1193 Ete-

162 1245 224 1306 nim
246 1262 264 1307 a
287 1249 384 1306 matre
406 1242 637 1327 universorum,
658 1245 753 1325 prima
777 1241 917 1324 tetrade,
949 1242 1045 1304 instar
1066 1240 1146 1303 filiae
1168 1237 1348 1320 provenisti

162 1348 258 1410 altera
282 1353 397 1430 tetras,
420 1355 451 1410 et
474 1349 573 1412 extitit
596 1349 733 1433 ogdoas,
756 1349 839 1412 unde
862 1349 1004 1432 provenit
1027 1347 1134 1410 decas:
1162 1348 1202 1410 ita
1227 1345 1310 1408 exti-

162 1459 261 1516 terunt
286 1452 466 1517 octodecim.
510 1453 612 1517 Deeas
638 1456 731 1538 igitur
754 1472 924 1540 congressa
954 1473 1021 1516 eum
1054 1449 1196 1538 ogdoade
1219 1457 1310 1531 post-

161 1579 251 1644 quam
284 1559 489 1641 decuplieavit
520 1579 600 1645 eam,
640 1565 871 1645 octogenarium
907 1580 1066 1626 numerum
1093 1558 1256 1642 produxit,
1279 1570 1313 1625 et

163 1668 395 1751 octogenarium
425 1685 532 1732 rursus
562 1676 721 1752 postquam
750 1670 973 1754 decuplieavit,
1004 1685 1162 1732 numerum
1186 1665 1238 1748 qui
1262 1673 1311 1729 est

162 1778 409 1860 octingentorum
431 1777 552 1861 genuit,
582 1783 615 1838 ut
636 1776 676 1840 sit
698 1777 862 1841 universus
893 1794 1038 1840 numerus
1069 1776 1239 1840 litterarum
1271 1774 1345 1837 atto

161 1885 303 1968 ogdoade
325 1884 497 1948 seeundum
522 1883 671 1948 decadem
701 1902 889 1969 progressus
917 1881 995 1966 888,
1030 1883 1109 1966 quod
1141 1890 1189 1946 est
1210 1881 1311 1962 iesus;

160 1995 246 2056 lesan
269 1993 349 2054 enim
372 2008 485 2054 nomen
517 2009 557 2054 ex
584 2009 714 2054 numero
743 1991 911 2055 litterarum
936 1998 985 2056 est
1005 1989 1080 2054 888.
1137 1989 1176 2052 Et
1198 1988 1309 2070 alpha-

160 2101 265 2163 berum
290 2115 366 2161 vero
396 2097 586 2162 Graecorum
614 2097 706 2162 habat
733 2099 882 2163 monades
910 2108 982 2162 octo
1014 2106 1043 2161 et
1072 2096 1207 2160 decades
1235 2101 1307 2159 octo

159 2214 190 2269 et
211 2205 433 2270 hecatontades
456 2211 544 2289 octo,
578 2222 738 2269 numerum
772 2205 1023 2289 octingentorum
1054 2205 1212 2286 octoginta
1236 2207 1308 2267 octo

246 2431 277 2496 2.
320 2431 406 2494 iesus
428 2437 529 2493 autem
547 2428 628 2492 hanc
650 2427 762 2511 habet,
793 2429 905 2512 inquit,
935 2427 1172 2494 inenarrabilem
1206 2445 1308 2512 gene·

159 2542 225 2606 sim.
269 2540 411 2602 Amatne
435 2536 516 2599 enim
538 2537 773 2622 universorum,
795 2537 826 2600 id
848 2546 895 2602 est
917 2536 1033 2619 primae
1055 2536 1308 2616 quaternationis,

159 2647 191 2710 in
213 2645 293 2709 [iliae
314 2644 415 2708 losum
439 2643 591 2725 prooessit
612 2642 750 2706 secunda
773 2645 976 2727 quaternatio,
998 2651 1029 2706 et
1051 2641 1132 2705 iacta
1152 2649 1198 2704 est
1214 2650 1308 2705 octo-

159 2755 258 2837 natio‚
282 2770 322 2815 ex
344 2769 404 2833 qua
427 2767 594 2835 progressa
618 2756 664 2813 est
688 2749 799 2829 decas;
825 2753 869 2815 sie
893 2750 1006 2814 iactum
1031 2756 1080 2814 est
1100 2747 1204 2813 xvttt.
1239 2749 1307 2811 De-

158 2879 211 2924 eas
234 2859 337 2941 itaque
360 2856 503 2922 adiuncta
525 2858 713 2922 octonationi
737 2864 769 2921 at
790 2856 949 2938 decuplam
973 2873 1040 2919 eam
1063 2856 1182 2920 iaciens
1197 2853 1308 2918 LXXX

159 2967 233 3030 iecit
255 2984 428 3049 numerum,
458 2971 490 3028 et
510 2981 619 3028 rursus
648 2965 808 3048 octuagies
839 2963 944 3028 decies
973 2963 1222 3046 octingentorum
1244 2977 1308 3023 nu-

158 3091 273 3136 merum
297 3072 390 3150 iecit,
420 3078 454 3134 ut
483 3071 523 3134 sit
548 3072 710 3135 universus
738 3071 906 3135 litterarum
940 3087 1087 3144 numerus
1110 3069 1148 3132 ab
1171 3075 1306 3130 octona-

158 3182 240 3244 tione
270 3179 301 3241 in
331 3178 479 3242 decadem
511 3177 716 3262 progrediens
753 3187 825 3243 octo
859 3187 891 3242 et
922 3178 1097 3258 octuaginta
1129 3181 1161 3238 et
1194 3173 1306 3258 DCCC,

158 3287 240 3369 quod
265 3291 313 3350 est
334 3285 438 3362 iesus3
466 3286 553 3349 Iesus
576 3285 655 3347 enim
679 3303 790 3348 nomen
813 3287 981 3350 secundum
1012 3285 1197 3348 Graecarum
1218 3281 1306 3344 litte-

158 3413 260 3458 rerum
285 3399 457 3474 computum
486 3389 590 3455 DCCC
621 3399 693 3454 sunt
723 3391 906 3457 LXXXVIII.
958 3392 1059 3456 Habes
1086 3390 1246 3454 manifeste
1278 3395 1309 3451 et

157 3501 393 3585 supercaelestis
422 3498 492 3562 lesu
520 3497 691 3560 secuudum
724 3517 779 3563 eos
810 3499 958 3583 genesim.
1009 3499 1202 3581 Quapropter
1225 3494 1308 3559 etA

156 3609 178 3672 B
202 3609 392 3673 Graecorum
415 3606 530 3670 habere
554 3606 703 3670 monadas
734 3613 806 3669 octo
831 3612 862 3669 et
886 3605 1020 3669 decadas
1043 3603 1108 3667 11111
1138 3609 1168 3667 et
1200 3602 1302 3666 haca-

155 3715 298 3779 tontadas
322 3713 401 3798 11111,
434 3711 711 3776 DCCCLXXXViii
746 3730 906 3776 numerum
930 3711 1145 3794 ostendentia,
1177 3709 1238 3774 hoe
1260 3717 1307 3773 est

156 3947 290 4006 Nimirum
309 3967 364 4003 non
383 3949 525 4022 perspexit
542 3949 698 4015 librarium,
726 3967 788 4005 eum
817 3951 845 4004 in
863 3948 935 4003 libro
954 3965 1005 4002 suc
1024 3929 1233 4020 reperisset-sp,
1252 3949 1307 4005 de-

156 4060 284 4118 pravasse
304 4042 487 4098 iniciendae
506 4037 588 4115 [isch
608 4053 636 4100 et
654 4042 754 4098 deinde
773 4059 918 4098 numerum
936 4042 1026 4116 ipsum
1045 4042 1138 4096 denuo
1157 4042 1304 4097 addidisse.

153 4139 199 4192 27.
227 4135 444 4206 ἐπισυνελθοῦσα]
470 4139 527 4203 ἔστη
545 4137 711 4192 συνελθοῦσα
730 4134 751 4191 C
870 4137 916 4192 28.
941 4137 986 4190 29.
1009 4137 1185 4208 προεβίβασεν
1202 4167 1238 4179 -
1256 4133 1305 4205 dy·

154 4227 282 4296 δοῆκονια
300 4225 387 4284 omC
476 4229 523 4283 29.
541 4225 827 4284 deseminusdoarrcss
916 4229 961 4284 30.
984 4227 1127 4300 ἐγέννησαν
1146 4222 1185 4298 C,
1258 4224 1303 4278 at.

154 4321 299 4396 ὀγδοάδος]
320 4317 483 4391 dydeddnC
591 4321 766 4393 προελθόντα]
785 4319 966 4393 προσελθόντα
985 4317 1007 4374 C
1024 4316 1055 4373 M
1161 4319 1231 4370 atras
1248 4315 1304 4368 de-

153 4413 265 4470 lendum
285 4429 346 4468 esse
366 4414 419 4468 iam
433 4411 461 4469 M
481 4414 636 4486 suspicatus
654 4423 705 4469 est.
816 4413 847 4484 ἤ]
866 4407 912 4480 ἦτα
930 4408 993 4467 GM
1100 4407 1145 4463 34.
1158 4407 1204 4463 35.
1221 4407 1304 4462 aei-

154 4507 220 4562 dmi
240 4505 377 4580 supplerit
393 4503 425 4562 M
