3056 4970
603 310 706 369 stituit
728 311 854 370 1146116.
1233 308 1289 372 241

149 482 250 545 monis
272 482 314 544 ita
336 486 530 560 comparatus
552 477 592 541 sit
615 478 710 560 ignis,
741 497 872 560 cumque
901 481 942 542 sit
970 481 1071 543 omnia
1093 480 1143 542 vel
1166 481 1292 544 visibilia

149 587 200 651 vel
224 604 287 652 non
313 585 452 668 visibilia,
483 566 660 668 paritardue
682 585 802 647 vocalia
825 591 857 646 et
878 603 941 648 non
965 586 1092 670 vocalia,
1117 588 1334 650 numerati-ao

151 694 255 776 liaque
291 700 323 756 et
353 694 490 756 numeri:
526 694 558 755 in
591 687 791 783 llavelationa
821 709 932 774 magna
963 693 1094 774 appellat
1127 693 1293 774 perlectum

151 799 324 883 rationale,
358 800 399 864 ita
426 807 458 862 ut
487 797 726 879 unumquodque
762 815 886 878 eorum,
921 815 1001 878 quac
1027 797 1152 863 inlinitis
1179 801 1295 864 vicibus
1387 807 1392 812 “

153 906 375 990 comprehendi
404 907 593 989 cogitatione
622 913 767 986 possunt,
804 910 835 968 el
863 904 1005 986 loquatur
1032 913 1061 968 et
1090 906 1237 990 intelligat
1266 915 1294 972 ct

153 1019 235 1097 agat,
257 1015 298 1096 ita
320 1019 353 1076 ut
376 1013 418 1076 ait
438 1011 663 1094 Empedoclem
712 987 721 1006 ⁸
1014 1019 1017 1028 “

197 1121 293 1184 'lerna
316 1121 396 1183 eninr
418 1125 531 1182 terram
554 1119 767 1200 conspicimus,
790 1136 868 1198 aqua
891 1125 990 1180 autem
1014 1137 1133 1202 aquam,
1305 1121 1336 1172 2⁶

198 1225 336 1292 Aethere
359 1234 461 1290 autem
484 1223 642 1291 aetberam
665 1223 809 1308 divinum,
832 1225 889 1288 sed
912 1226 976 1308 igni
999 1227 1100 1309 ignem
1123 1242 1260 1308 saevum,

199 1334 238 1398 Et
255 1335 413 1397 amicitiam
435 1323 575 1414 amicitia,
599 1330 781 1398 discordiam
803 1338 903 1394 antem
920 1333 1035 1413 pariter
1045 1331 1197 1395 discordia
1210 1331 1298 1395 tristi.-

247 1438 297 1503 12.
343 1439 458 1503 Omnes
474 1441 563 1518 enim,
587 1437 694 1521 inquit,
722 1438 925 1502 arbitrabatur
938 1446 1043 1520 partes
1065 1439 1146 1522 ignis
1169 1445 1200 1502 et
1220 1439 1299 1501 visi·
1335 1479 1347 1506 e

156 1545 235 1610 biles
250 1553 278 1608 et
298 1544 466 1610 invisibiles
487 1562 612 1608 sensum
625 1542 739 1607 habere
756 1550 788 1607 et
805 1544 1023 1626 intelligentiae
1037 1552 1166 1608 sortem.¹
1195 1545 1301 1608 Extitit

156 1653 250 1734 igitur
272 1651 402 1716 mundus
424 1651 477 1732 qni
500 1658 666 1734 generatus
688 1659 736 1714 cst
765 1669 782 1714 a
812 1669 883 1714 non
903 1658 1054 1734 generato
1082 1653 1155 1732 igni.
1213 1652 1338 1716 Coe-³0

157 1769 225 1843 ptus
248 1767 349 1824 autern
373 1765 421 1824 cst
442 1758 517 1841 lieri,
540 1759 646 1840 inquit,
668 1759 699 1820 in
723 1756 804 1820 bunc
826 1758 960 1822 modum.
1004 1760 1067 1822 Sex
1084 1759 1205 1822 radices
1225 1747 1300 1824 ea's-

158 1884 219 1951 que
249 1865 364 1948 primas
392 1865 531 1948 principii
554 1865 766 1948 generationis
789 1867 918 1948 sumpsit
939 1867 965 1928 is
989 1867 1040 1947 qui
1063 1873 1229 1949 generatus
1253 1877 1302 1932 est

158 1993 175 2038 a
198 1973 348 2056 principio
369 1974 450 2054 ignis
473 1971 562 2036 illius.
613 1970 760 2036 Exiitisse
783 1978 884 2035 autem
905 1973 946 2035 ait
967 1974 1087 2036 radices
1110 1991 1169 2055 par
1188 1975 1301 2036 coniu-

159 2080 315 2164 gationam
340 2079 378 2142 ab
400 2078 475 2162 igni,
499 2095 574 2159 quas
598 2078 721 2160 quidem
744 2079 865 2143 radicas
889 2079 1022 2162 appellat
1042 2089 1170 2144 mannan
1193 2088 1224 2144 et
1250 2083 1301 2144 io-

158 2187 373 2268 temperatam,
395 2204 502 2249 oocena
524 2190 556 2247 et
576 2203 702 2263 manen,
730 2187 1000 2250 ratiocinationem
1022 2195 1054 2251 et
1075 2189 1339 2269 copitotr'oocmot

159 2292 239 2357 Esse
269 2299 368 2356 autern
398 2291 431 2353 in
460 2309 518 2355 sax
548 2289 595 2354 bis
616 2291 771 2356 radicibus
796 2309 917 2356 omnem
942 2293 1030 2357 simul
1051 2294 1197 2358 infinitam
1220 2294 1300 2357 illam

158 2405 341 2480 potestatam
364 2403 528 2479 potestate,
550 2414 612 2460 non
636 2381 811 2460 effectione.
856 2399 952 2472 Quam
985 2400 1129 2464 infinitam
1160 2408 1301 2480 potesta-

161 2512 220 2568 tem
245 2504 317 2568 dicit
340 2521 409 2581 mum
433 2505 485 2584 qni
507 2508 577 2587 stat,
611 2505 700 2584 stetit,
732 2503 829 2573 stabit.
874 2505 932 2578 Oui
963 2523 1031 2568 cum
1062 2502 1216 2586 effigiatus
1244 2509 1302 2569 erit

160 2610 215 2674 ubi
238 2612 296 2674 crit
317 2613 347 2673 in
369 2627 425 2673 aex
447 2609 506 2672 illis
527 2610 745 2693 potestatibus,
769 2613 827 2674 erit
850 2611 960 2693 re,'vi,
983 2612 1202 2695 magnitudine,
1225 2631 1300 2694 per-

161 2716 295 2782 lectione
325 2734 387 2779 una
418 2714 590 2796 cademque
620 2733 701 2795 quae
723 2723 771 2778 est
792 2735 853 2779 non
877 2725 1027 2798 generata
1050 2727 1080 2781 et
1101 2719 1217 2781 infinita
1241 2724 1341 2800 po-to

161 2830 268 2888 testas.
322 2823 375 2887 Sin
404 2827 506 2885 autern
535 2820 671 2884 manebit
700 2821 767 2886 sola
795 2831 946 2904 potestate
968 2826 999 2887 in
1022 2841 1080 2888 sex
1101 2825 1302 2907 potestatibus

162 2937 193 2994 et
214 2947 277 2994 non
300 2927 503 3012 elliglabitur,
527 2929 702 3013 evanescit,
725 2929 841 3011 inquil,
875 2937 907 2993 et
936 2933 1015 3012 perit
1048 2932 1088 2994 ita
1111 2940 1144 2996 ut
1165 2939 1303 3015 potestas

161 3037 359 3122 grammatica
392 3035 441 3099 vel
472 3036 659 3118 geometrica
688 3038 721 3098 in
754 3037 855 3100 aninlo
884 3035 1023 3101 bominis.
1077 3038 1196 3120 ddepla
1222 3039 1302 3101 enim

162 3147 298 3226 potestas
322 3135 417 3206 artam
440 3141 493 3204 lux
518 3160 620 3206 rerum
648 3149 865 3224 generatorum
888 3145 999 3228 existit,
1022 3163 1084 3208 non
1108 3150 1209 3208 autem
1224 3145 1303 3210 ade-

162 3256 213 3331 pta
242 3249 351 3312 inertia
384 3255 416 3310 ct
446 3247 610 3329 tenebrae,
644 3257 675 3312 et
706 3251 819 3330 pariter
846 3258 938 3331 atque
967 3257 1027 3313 lum
1059 3269 1126 3314 cum
1151 3269 1213 3314 nou
1237 3253 1342 3316 orarit

163 3373 233 3419 cum
258 3357 411 3419 moriente
434 3354 558 3418 bomine
580 3354 669 3418 simul
690 3357 778 3436 perit.

249 3459 300 3526 13.
344 3461 532 3524 Potestatum
556 3467 657 3524 autem
680 3459 785 3523 barum
808 3479 866 3525 sex
889 3467 920 3522 et
941 3461 1089 3542 septimae
1114 3461 1203 3541 illius,
1226 3479 1306 3540 quae

164 3573 212 3632 est
241 3585 309 3630 cum
339 3567 404 3648 bia,
434 3565 566 3648 appellat
586 3568 711 3648 primam
734 3568 983 3649 coniugationem
1005 3575 1138 3630 mentem
1162 3574 1193 3629 ot
1215 3566 1308 3628 intel-

162 3673 334 3756 ligantiam,
374 3672 492 3737 caelum
527 3681 556 3735 et
584 3679 714 3757 terram,
754 3681 785 3736 et
815 3672 887 3736 illud
919 3672 1059 3756 quidem,
1102 3673 1185 3754 quod
1212 3673 1307 3736 virilis

163 3869 285 3942 parmas
307 3870 372 3924 tora
398 3869 459 3924 aaa.
485 3873 596 3943 rapam
619 3869 658 3927 ιι.
708 3869 766 3926 saa
783 3871 881 3935 aurat
900 3871 973 3944 quoa
992 3833 1063 3924 anna
1082 3888 1108 3942 p.
1128 3872 1189 3938 aro,
1208 3874 1253 3928 aa.
1272 3875 1308 3928 ar
1339 3893 1345 3904 ·

164 3979 277 4035 prorant
297 3961 393 4018 eadem
412 3972 572 4017 recurrunt
672 3963 716 4018 36.
736 3964 872 4036 συζυγίας]
895 3961 970 4017 lelna
988 3981 1015 4035 p.
1033 3963 1095 4027 319,
1114 3964 1158 4018 35.
1178 3965 1213 4018 36
1234 3965 1281 4026 συί
1297 3993 1308 4003 -

162 4059 228 4128 yicr
340 4055 385 4110 36.
402 4053 501 4126 ὄνομα]
519 4057 626 4110 lavator
644 4053 836 4110 Theodoretue
855 4056 873 4109 l.
893 4055 912 4109 1.
1040 4055 1085 4110 39.
1104 4054 1196 4108 στάντα
1216 4071 1261 4108 om
1276 4051 1307 4106 C.

164 4143 207 4200 Cl.
228 4143 298 4198 inira
317 4147 458 4216 p.242,(l⁰
478 4154 507 4200 el
524 4146 589 4200 alibi
652 4144 811 4216 ι1)ς]Ὡς(3
830 4145 859 4201 M
924 4205 927 4211 ¹
973 4147 1018 4201 42.
1038 4146 1084 4200 καὶ
1102 4154 1165 4198 ante
1184 4145 1263 4198 οὐδὲν
1281 4143 1308 4194 in

165 4233 293 4307 marg-C
408 4239 453 4293 43.
473 4235 701 4309 dnopotdxrooll
773 4239 819 4292 aci
837 4247 899 4293 ante
919 4238 1066 4310 ἀπεράντου
1085 4253 1129 4290 om
1149 4233 1171 4290 C
1189 4232 1227 4287 Μ.
1266 4231 1308 4286 Cl.

164 4328 234 4384 inira
261 4345 287 4399 p.
307 4328 437 4394 319,43.
558 4331 604 4384 46.
628 4330 654 4400 ἢ]
673 4327 788 4397 ἢῦΜ.
826 4326 868 4383 (ll.
887 4329 957 4384 inlra
977 4347 1004 4400 p.
1023 4329 1084 4391 319,
1104 4327 1148 4380 46.
1263 4325 1308 4378 48.

164 4421 219 4492 o‘tt]
239 4415 317 4474 braC

985 4515 1025 4582 16
