3002 4958
382 265 619 369 Atttstowttis
665 311 785 370 STsslGl.
830 313 1002 370 RPlCUflUS.
1153 331 1159 340 ·
1220 305 1258 371 41

115 479 309 557 singulorum
332 485 452 557 entem,
486 483 519 539 nt
548 495 639 558 snpra
670 477 816 564 diximus,
850 482 962 562 perire.
1019 481 1075 544 llic
1107 481 1200 563 igitur
1229 481 1300 544 tun

116 583 223 665 Lyceo
245 585 364 646 versari
386 583 496 647 solitus
520 581 806 668 philosophabatur,
839 587 924 652 Zeno
956 595 1057 650 autem
1088 589 1118 650 in
1143 589 1261 668 portion

117 707 201 770 quae
224 690 347 752 Poecile
370 690 548 754 vocabatur.
592 691 681 754 Nacti
706 699 808 756 autem
831 701 903 757 sunt
924 694 1059 758 Zenonis
1082 695 1221 776 discipuli
1246 711 1262 756 a

115 794 190 858 loco
212 814 342 880 nomen,
370 814 438 858 cum
463 815 481 860 a
503 795 576 860 Stoa
599 797 694 862 Stoici
717 802 817 862 vocati
848 803 924 884 sint,
954 801 1130 864 Aristotelis
1160 808 1261 863 autem

116 903 157 966 ab
180 919 293 986 opere;
315 904 459 984 quoniam
484 904 564 966 enim
587 904 777 968 ambulantes
800 909 831 969 in
851 908 954 988 Lyceo
971 907 1263 990 commutabantur,

116 1010 198 1072 hanc
222 1009 262 1074 oh
285 1029 408 1074 cansam
430 1012 624 1096 Peripatetici
648 1012 790 1094 appellati
812 1022 893 1078 sunt.
952 1014 1037 1078 llaec
1066 1015 1158 1095 igitur
1187 1015 1300 1084 Ari-uo

115 1117 238 1180 stotelis
263 1117 401 1180 doctrina
423 1117 490 1181 init.

180 1223 278 1286 Stoici
302 1231 334 1286 et
355 1225 412 1305 ipsi
435 1224 558 1306 quidem
581 1225 799 1308 syllogisticam
824 1231 942 1310 partem
960 1225 1174 1308 philosophiae
1194 1244 1262 1290 am-

116 1329 331 1410 plificaverunt
362 1338 394 1393 et
428 1350 527 1412 paene
561 1333 697 1395 terminis
727 1333 790 1396 suis
825 1334 1145 1418 circumscripsernnt,
1179 1334 1260 1398 idem

115 1438 216 1500 secuti
237 1443 270 1500 et
292 1437 479 1520 Chrysippus
504 1444 535 1500 et
556 1439 655 1522 Zeno,
679 1440 730 1519 qui
754 1447 925 1521 posuerunt
948 1447 980 1502 et
1001 1440 1058 1522 ipsi
1083 1440 1173 1504 deum
1189 1442 1261 1522 qui·
1364 1517 1376 1532 ι

117 1543 188 1606 dem
213 1543 393 1624 principium
415 1563 534 1626 rerum,
562 1547 613 1627 qni
646 1548 685 1609 sit
707 1563 820 1627 corpas
843 1547 1053 1629 purissimum,
1081 1565 1138 1627 per
1160 1549 1300 1618 omniane

115 1657 220 1714 antem
244 1651 415 1731 pervadere
438 1651 661 1732 providentiam
685 1652 779 1736 illius,
813 1658 845 1714 et
870 1653 929 1733 ips'i
956 1671 1032 1715 vero
1066 1653 1129 1716 lato
1159 1653 1261 1716 omnia

116 1755 185 1820 lieri
209 1774 265 1838 pro
290 1767 377 1822 certo
400 1764 587 1841 posuerant,
611 1758 753 1839 exemplo
776 1761 821 1822 nsi
850 1758 939 1822 hoca.
991 1759 1091 1822 Veluti
1117 1759 1154 1822 sd
1188 1777 1263 1822 cnr-

116 1883 184 1928 rum
220 1884 288 1928 cum
322 1866 443 1929 iunctus
472 1868 512 1929 sit
541 1867 642 1950 canis,
679 1866 802 1948 quando
834 1849 957 1946 guidem
991 1866 1064 1928 velit
1097 1869 1201 1950 sequi,
1232 1875 1262 1928 et

119 1971 197 2034 trahi
222 1980 255 2035 et
276 1973 365 2053 sequi
385 1980 512 2056 sponte,
542 1991 609 2036 cum
640 1972 733 2036 iaciat
757 1976 847 2036 etiam
873 1972 957 2054 quod
978 1974 1150 2038 voluntario
1170 1973 1263 2037 locist

117 2098 186 2143 cnm
210 2079 413 2163 necessitate,
442 2089 586 2162 tanquam
617 2079 695 2160 luto,
725 2082 772 2142 sin
801 2081 900 2143 minus
932 2081 1006 2144 velit
1039 2084 1145 2165 sequi,
1176 2087 1299 2152 certem

118 2195 261 2251 cocetum
285 2189 331 2251 iri.
384 2186 528 2268 idemque
551 2187 656 2251 valere
679 2189 709 2250 in
727 2186 925 2253 hominihus.
979 2189 1099 2252 Etenim
1123 2188 1171 2250 vel
1193 2207 1261 2250 cum

116 2297 205 2376 sequi
228 2292 354 2377 nolunt,
385 2301 470 2358 certe
493 2301 646 2377 cogentur
669 2293 817 2358 devenire
848 2296 878 2358 in
912 2293 943 2356 id
975 2297 1058 2376 quod
1087 2295 1181 2358 latum
1205 2302 1261 2358 est.

117 2401 258 2465 Animam
291 2407 392 2464 autem
427 2399 532 2464 dicunt
559 2419 744 2482 permanere
775 2408 845 2482 post
875 2409 1020 2484 mortem,
1056 2419 1126 2466 esse
1159 2409 1260 2466 autem

116 2525 231 2589 corpus
254 2515 287 2572 ct
308 2515 407 2571 ortum
431 2525 502 2571 esse
525 2526 566 2571 ex
589 2507 806 2592 luigelactione
837 2509 917 2572 aeris
947 2509 1150 2588 continentis,
1182 2527 1263 2590 qna·

116 2623 245 2697 propter
267 2616 359 2680 etiam
382 2617 488 2679 noceri
511 2613 667 2696 psychom.
726 2614 929 2677 Consentiunt
958 2622 1059 2678 antem
1089 2616 1179 2678 etiam
1202 2615 1302 2685 mi-tr

117 2725 290 2805 grationem
335 2725 501 2787 animarum
545 2724 698 2804 existere,
743 2739 810 2783 cnm
851 2719 996 2784 delinitae
1030 2720 1092 2784 sint
1132 2722 1263 2784 anirnae.

117 2831 247 2892 Sununt
280 2838 381 2893 autem
427 2828 702 2912 conflagrationem
745 2826 814 2891 lore
850 2836 883 2891 et
924 2827 1138 2910 purgationem
1175 2826 1265 2888 huius

118 2935 238 3020 mundi,
272 2935 323 2998 alii
351 2936 507 3015 universi,
542 2936 635 3016 partis
666 2934 715 2996 alii
744 2942 775 2997 et
803 2953 860 3015 per
892 2941 1008 3016 partem
1041 2951 1111 2994 eum
1140 2931 1266 3014 purgari

118 3046 220 3118 aiunt,
263 3051 294 3106 et
316 3061 415 3123 paena
451 3043 603 3104 interitum
635 3041 773 3124 aliusque
804 3059 905 3106 exeo
928 3041 1163 3123 generationem
1188 3057 1265 3119 pur-

118 3153 275 3233 gationem
297 3149 461 3232 appellant.
515 3148 652 3231 Corpora
682 3156 782 3212 autem
812 3151 955 3212 universa
978 3155 1097 3229 ponunt
1128 3154 1159 3210 ct
1188 3165 1302 3222 cor-50

117 3277 174 3340 pus
212 3265 378 3340 penetrare
417 3247 538 3338 quidem
574 3275 630 3339 per
664 3275 793 3340 corpus,
834 3255 891 3320 sed
928 3255 1143 3318 retractionem
1184 3271 1265 3336 esse,

118 3374 150 3430 ct
171 3364 293 3446 impleta
317 3383 388 3427 esse
411 3363 512 3426 omnia
536 3381 595 3426 nec
618 3363 783 3445 quidquam
809 3381 880 3426 esse
902 3381 1041 3426 vacuum.
1087 3362 1171 3426 llaec
1194 3362 1265 3442 qni-

119 3472 188 3534 dem
213 3481 246 3535 et
267 3471 371 3536 Stoici.

204 3681 355 3764 Epicurus
379 3688 478 3745 antem
503 3699 604 3762 paene
626 3681 812 3744 contrarium
837 3679 987 3744 universis
1002 3679 1171 3744 doctrinam
1187 3697 1265 3761 pro-

117 3789 221 3852 tessus
244 3795 302 3852 cat.
355 3789 505 3870 Principia
536 3789 668 3851 omnium
699 3789 802 3852 statuit
832 3795 952 3851 atomos
976 3794 1007 3850 et
1029 3789 1135 3850 inane:
1173 3788 1303 3859 inanem

118 3896 243 3976 quidem
267 3905 410 3978 tanquam
434 3897 564 3977 spatium
587 3913 689 3958 rerum
712 3894 899 3978 suturarum,
928 3903 1049 3958 atomos
1072 3900 1172 3957 autem
1198 3913 1265 3956 me-

117 4005 244 4087 teriem,
268 4021 307 4064 en
329 4021 389 4083 qna
413 4004 566 4066 universa.
612 4002 658 4064 Ex
681 4003 861 4086 congressis
883 4009 981 4065 sutem
1000 4003 1108 4064 atomis
1127 4001 1266 4064 extitisse

118 4289 162 4342 5².
181 4287 318 4359 κάθαρσιν
336 4285 493 4358 Roeperue:
519 4261 671 4359 νάθάρσιον
688 4289 769 4357 vulgo
887 4289 932 4343 53.
955 4289 1006 4360 μὲν
1019 4289 1132 4360 χωρεῖν]
1158 4287 1195 4358 μὴ
1210 4305 1267 4357 χω-

118 4385 175 4452 petr
193 4379 276 4448 uulgo
386 4381 430 4434 53.
450 4379 597 4434 ἀνάκλασιν
615 4377 653 4433 Η.
673 4377 808 4434 Ritterna:
835 4380 980 4434 ἀνάστασιν
996 4381 1091 4449 uulgo:
1119 4379 1267 4432 ἀνάστασιν

120 4469 257 4527 Salviniua
