3050 4988
187 313 250 379 342
296 313 334 396 (p.
349 315 521 402 mam.)
607 318 704 378 ιιοοο
728 319 773 396 οι,
798 323 851 381 εο.
875 323 927 382 οι.

187 482 370 562 δωδεκάδος
391 485 493 551 είναι·
515 490 570 550 καὶ
592 483 690 552 αὑτοῦ
713 485 750 552 δὲ
770 491 826 554 τοὺ
849 485 1006 564 ζωδιακοῦ
1030 482 1148 549 κύκλου
1169 483 1225 569 τήν
1246 485 1339 570 περί-

186 615 300 678 μετρον
320 594 404 658 εἶναι
424 598 547 682 μοιρῶν
566 597 755 683 τριακοσίων
775 595 946 683 ἑξήκοντα,
970 597 1102 659 ἕκαστον
1130 593 1194 680 γάρ
1224 588 1341 678 ζῴδιον

188 701 303 788 μοίρας
324 700 406 784 ἔχειν
426 702 605 790 τριάκοντα.
658 703 749 768 Οότω
780 703 820 790 δή
848 707 903 767 καῖ
924 701 979 767 διδ
1001 703 1056 766 τοῦ
1078 698 1195 764 κόκλου
1216 699 1271 785 τήν
1293 699 1342 762 εί-

152 808 270 871 οοκόνα
292 811 345 895 υής
366 812 544 896 συναφείας
565 813 618 897 τής
641 809 768 875 δυόδεκα
789 811 871 898 πρδς
891 811 930 874 τά
958 807 1128 896 τριάκοντα
1149 808 1339 894 τετηρῆσθαι

190 914 350 994 λέγουσιν·
374 917 417 982 ἔτι
438 917 502 1004 μήν
524 922 578 982 καὶ
599 918 655 1004 τήν
675 921 735 1004 χήν
762 918 809 993 είς
831 915 958 982 δυόδεκα
977 915 983 1006 Ι
1001 914 1140 998 κλίματα
1162 914 1341 1004 διῃρῆσθαι

190 1022 380 1107 φάσκοντες,
411 1028 465 1088 καῖ
486 1025 566 1089 καθ’
592 1028 629 1088 ἓν
649 1027 781 1089 ἕκαστον
807 1023 906 1108 κλίμα
934 1019 1000 1088 α’νά
1027 1024 1107 1106 μίαν
1137 1020 1277 1104 δύναμιν
1305 1020 1342 1084 ἐκ

190 1133 254 1194 τοῖν
275 1129 425 1218 οδρανόίν
446 1131 525 1196 κατά
549 1131 689 1196 κάθετον
709 1130 949 1218 ὑποδεχομένην
977 1134 1032 1194 καὶ
1062 1128 1167 1218 [καθ’]
1191 1127 1340 1213 ὁμοίωμα

190 1239 354 1303 τίκτουσαν
375 1241 469 1304 τέκνα
490 1243 526 1332 τή
549 1239 798 1330 καταπεμποόση
820 1238 900 1304 κατὰ
922 1238 978 1325 τήν
994 1237 1176 1326 ἀπόρροιαν
1194 1235 1340 1319 δυνάμει,

155 1344 293 1412 ῖοτόπον
315 1347 426 1434 [εῖναι]
449 1349 501 1432 τής
523 1346 592 1410 άνω
616 1345 810 1422 δωδεκάδος.

281 1455 332 1519 5⁴.
376 1453 467 1540 Πρὸς
488 1452 524 1517 δὲ
545 1453 665 1529 τούτοις
686 1453 871 1541 θελήσαντα
891 1452 947 1516 τόν
968 1449 1161 1538 δημιουργόν
1186 1445 1242 1538 Ιτῆς
1272 1449 1340 1514 όνω

194 1556 353 1642 ὀγδοάδος
376 1563 410 1626 τό
433 1559 615 1649 άπέραντον
637 1568 691 1626 καὶ
712 1562 846 1626 αῖάνιον
867 1565 921 1624 καὶ
943 1559 1093 1645 άόριστον
1119 1561 1174 1623 καὶ
1202 1558 1341 1646 ἄχρονον

193 1666 410 1754 μιμήσασθαι,
433 1672 488 1733 καὶ
508 1670 552 1756 μή
574 1667 757 1755 δυνηθέντα
778 1667 812 1732 τό
834 1667 973 1751 μόνιμον
995 1665 1091 1754 αὑτῆς
1111 1672 1165 1730 καὶ
1178 1666 1212 1731 τδ
1233 1663 1342 1729 άίδιον

196 1773 376 1840 έκτυπῶσαι
397 1774 453 1840 διδ
474 1776 509 1840 τό
532 1775 658 1861 καρπδν
685 1775 783 1842 αὑτδν
805 1775 888 1839 εἶναι
919 1772 1145 1860 ὑστερήματος,
1175 1773 1221 1848 είς
1250 1775 1340 1837 τοῦτο

158 1907 188 1958 60
196 1881 330 1969 χρόνους
351 1886 405 1946 καὶ
426 1881 557 1970 καιροὺς
586 1881 749 1970 άριθμοός
777 1907 808 1948 τε
836 1885 999 1958 πολυετεῖς
1029 1883 1110 1969 πρός
1140 1881 1174 1946 τό
1209 1879 1343 1946 αῑάνιον

197 1987 294 2075 αὑτής
315 1993 500 2068 τεθεῖσθαι,
529 1989 676 2075 οἰόμενον
703 1990 740 2056 ἐν
768 1994 812 2078 τῷ
842 1990 962 2077 πλήθει
994 1993 1057 2054 τόν
1087 1989 1212 2077 χρόνων
1241 1987 1342 2074 μιμή-

199 2099 324 2162 σασθαι
348 2097 445 2184 αὑτής
466 2098 500 2163 τὸ
524 2096 673 2186 άόρατον.
713 2097 876 2164 Ἐνταῦθα
898 2097 936 2162 δὲ
956 2097 1117 2179 λέγουσιν,
1149 2095 1345 2183 έκφυχοόσης

194 2249 243 2264 Q

197 2342 296 2408 εῖναι·
331 2343 417 2408 άλλδ
438 2345 503 2431 μήν
523 2346 578 2408 καὶ
597 2347 653 2431 τήν
672 2346 761 2432 ὥραν
783 2349 865 2431 φασὶ
885 2345 919 2410 τό
942 2342 1124 2409 δωδέκατον
1154 2347 1207 2430 υής
1227 2343 1344 2430 ἡμέρας

199 2451 235 2516 ἐκ
257 2453 425 2536 τριάκοντα
446 2457 569 2541 μοιρῶν
599 2455 817 2538 κεκοσμῆσθαι
839 2451 895 2518 διό
917 2452 972 2538 τήν
993 2450 1103 2516 εἰκόνα
1124 2455 1176 2537 τής
1197 2473 1344 2537 τριακον-

198 2558 311 2634 τάδος·
334 2563 389 2624 καῖ
411 2558 509 2624 αὑτοῦ
533 2558 570 2624 δὲ
590 2562 646 2624 τοὺ
668 2559 825 2635 ζωδιακοῦ
846 2557 965 2624 κόκλου
986 2559 1042 2644 τήν
1062 2562 1248 2646 περίμετρον
1261 2559 1344 2624 εῖναι

197 2671 320 2755 μυιρόίν
339 2671 527 2756 τριακοσίων
550 2667 719 2755 ἑξήκοντα·
741 2670 872 2732 ἕκαστον
900 2669 962 2752 γὰρ
995 2664 1109 2754 ζρόδιον
1140 2668 1256 2750 μοίρας
1282 2664 1344 2747 ἔχει

198 2775 376 2861 τριάκοντα.
422 2775 531 2850 Οὕτως
551 2774 588 2839 δὲ
610 2779 666 2839 καὶ
686 2774 742 2840 διά
763 2779 819 2839 τοῦ
840 2773 958 2840 κύκλου
978 2772 1034 2859 τὴν
1048 2773 1159 2838 είκόνα
1176 2777 1230 2859 τῆς
1245 2791 1345 2838 συνα-

199 2887 294 2968 φείας
313 2886 375 2948 τόν
398 2883 523 2948 δυόδεκα
544 2883 625 2970 πρδς
644 2883 684 2946 τά
705 2881 875 2968 τριάκοντα
894 2883 1084 2968 τετηρήσθαι
1106 2879 1262 2961 λέγουσιν.
1281 2881 1346 2945 Ἔτι

197 2989 261 3074 μήν
282 2992 336 3053 καὶ
356 2990 411 3076 τήν
431 2995 492 3076 χήν
510 2990 556 3064 είς
577 2989 705 3054 δυόδεκα
726 2988 863 3072 κλίματα
885 2988 1060 3078 διῃρῆσθαι
1083 2987 1265 3073 φάσκοντες,
1291 2992 1345 3052 καὶ

199 3093 281 3158 καθ’
299 3099 432 3160 ἕκαστον
449 3096 547 3180 κλίμα
556 3095 695 3180 δύναμιν
706 3095 743 3160 ἐκ
754 3099 817 3160 τόν
833 3093 983 3183 οὑρανῶν
1003 3094 1084 3158 κατά
1106 3093 1248 3159 κάθετον
1259 3091 1345 3159 ὑπο-

200 3201 388 3288 δεχομένην,
410 3201 536 3267 δοικότα
557 3205 720 3266 τίκτουσαν
742 3205 836 3267 τέκνα
848 3206 884 3293 τή
902 3200 1152 3292 καταπεμποόση
1173 3199 1346 3287 τήνὺπόρ-

199 3330 294 3393 ροιαν
316 3309 455 3393 δύναμιν
466 3313 520 3397 (sic
528 3313 556 3393 Ι),
578 3311 680 3374 τόπον
700 3308 784 3374 εῖναι
804 3314 858 3396 τής
878 3307 1063 3384 δωδεκόδος
1080 3313 1134 3373 καῖ
1149 3313 1214 3374 τόν
1226 3312 1345 3374 τέκνων

201 3415 298 3503 αὑτής
318 3421 516 3504 σαφέστατον
537 3415 806 3500 διαβεβαιοῦνται.
849 3417 940 3504 Πρός
963 3416 998 3480 δὲ
1020 3415 1139 3490 τοότοις
1160 3415 1346 3503 θελήσαντά

200 3541 281 3610 φασι
300 3529 356 3590 τόν
378 3525 570 3611 δημιουργόν
590 3531 644 3611 τῆς
667 3525 735 3588 άνω
758 3521 916 3604 δγδοάδος
936 3524 970 3587 τό
988 3521 1170 3610 άπέραντον
1191 3527 1247 3587 καὶ
1265 3524 1346 3587 αίτό-

199 3653 270 3696 νιον
292 3636 346 3695 καὶ
370 3630 518 3720 άόριστον
539 3635 594 3696 καὶ
614 3633 754 3716 άχρονον
774 3630 999 3716 μιμήσασθαι,
1023 3633 1077 3694 καὶ
1096 3633 1140 3716 μή
1163 3629 1346 3716 δυνηθέντα

199 3739 234 3804 τό
256 3740 393 3824 μόνιμον
414 3739 511 3826 αὑτής
539 3744 593 3803 καῖ
615 3738 724 3804 όίδιον
752 3738 931 3803 έκτυπῶσαι
962 3737 1017 3801 διά
1045 3733 1088 3802 τό
1110 3737 1236 3823 καρπόν
1262 3739 1345 3802 εῖναι

199 3845 426 3935 ὑστερήματος,
460 3848 505 3924 είς
532 3847 668 3936 χρόνους
701 3850 755 3910 καῖ
783 3848 915 3932 καιροὺς
940 3843 1103 3932 άριθμυός
1129 3868 1160 3909 τε
1185 3844 1346 3920 πολυετεῖς

200 3955 235 4020 τδ
258 3954 393 4020 αίιόνιον
415 3953 511 4041 αὑτής
533 3957 799 4031 κατατεθεῖσθαι,
829 3953 977 4036 οἰόμενον
1002 3952 1039 4016 ἐν
1065 3954 1108 4039 τῷ
1136 3950 1258 4038 πλήθει
1283 3955 1346 4016 τάν

200 4064 326 4152 χρόνων
346 4063 551 4150 μιμήσασθαι
573 4061 670 4148 αὑτῆς
690 4063 724 4127 τό
747 4059 938 4146 α’πόραντον.
984 4057 1149 4124 Ἔνταῦθά
1175 4082 1207 4123 τε
1235 4057 1346 4139 λέχου-

273 4299 318 4354 48.
346 4297 400 4371 γάρ
425 4313 469 4351 om
490 4291 511 4350 C
632 4293 676 4348 50.
701 4293 732 4348 τότ
755 4289 902 4369 τριάκοντα]
933 4291 1072 4364 τριάκοντα
1097 4289 1167 4348 CM
1279 4311 1346 4359 τετη-

202 4385 309 4465 ρῆσθαι]
332 4389 478 4463 μετρῆσθατ
504 4385 541 4442 C:
571 4391 727 4460 μετρεῖσθαι
750 4383 780 4440 Μ
918 4385 962 4441 51.
993 4383 1038 4452 τὴν
1060 4382 1120 4462 γῆν]
1147 4384 1192 4454 τὴν
1220 4383 1300 4450 αὑτήν
1323 4381 1345 4438 C

202 4479 356 4558 διῃρῆσθαι]
375 4477 576 4554 όνηρτῆσθαι.ὒ
648 4479 692 4536 53.
712 4475 777 4533 κατὰ
794 4471 916 4554 κάθετον]
934 4473 996 4532 καθ’
1009 4474 1150 4533 ἕκαστονῦ
1227 4475 1273 4531 καὶ
1284 4475 1345 4531 καθ’
