3050 4988
618 333 805 391 crstltoils.
1059 385 1062 390 .
1218 326 1278 396 361

143 510 318 590 accretnra,
342 501 526 568 necessariis
550 501 736 585 temporibus
758 501 954 584 peculiariter
983 520 1039 585 per
1069 502 1280 567 accessionem

144 613 363 699 augescentia,
385 620 417 676 ut
442 630 460 675 a
483 619 568 675 tanto
593 617 623 674 ct
645 609 699 674 tuli
722 609 799 693 deo,
832 608 953 691 qualem
972 627 1032 674 nec
1054 609 1158 674 dicere
1180 621 1322 692 nequem

145 721 335 806 cogitatione
356 719 520 801 percipere
543 725 664 800 poterat
686 726 844 798 creatura,
866 717 987 781 inerant
1008 716 1168 781 recondita
1183 719 1214 780 in
1230 735 1287 782 se·

145 829 243 912 mina,
267 833 410 910 tanquam
432 843 543 890 recens
567 831 639 889 nato
662 824 768 888 inlanli
791 823 899 888 dentes
928 824 1058 905 posthac
1080 825 1233 888 cernimus
1256 831 1288 888 et

143 936 289 1017 patricam
311 949 493 997 accrescere
516 933 715 996 substantiam
746 939 778 996 et
808 930 991 996 intellectum
1025 939 1057 995 ει
1086 949 1288 1014 quaecunque

147 1041 329 1123 augescenli
352 1057 392 1102 cx
414 1055 511 1122 puero
544 1038 698 1121 paullatim
727 1037 843 1102 homini
873 1055 941 1102 cum
972 1039 1056 1119 prius
1086 1055 1149 1101 non
1181 1045 1286 1102 essent

146 1146 308 1211 accedunt.
353 1144 610 1228 Quandoquidem
634 1152 820 1210 autemnon
844 1152 966 1228 poterat
989 1145 1048 1208 dici
1065 1145 1327 1227 proiectionemao

151 1254 289 1318 extitisse
312 1251 443 1334 aliquam
467 1254 633 1316 uon-entis
656 1253 706 1316 dei
729 1251 842 1333 aliquid
865 1269 1005 1316 non-ens
1019 1287 1062 1300 —
1076 1252 1191 1337 relegit
1208 1255 1287 1317 enim

148 1359 312 1425 admodum
336 1365 367 1423 ει
390 1369 550 1426 aversatur
572 1379 678 1425 eorum
708 1377 788 1442 quae
820 1377 875 1442 per
904 1359 1125 1441 proiectionem
1155 1359 1289 1425 existunt

149 1468 336 1533 substantias
352 1466 555 1532 Rasilidcs—
568 1467 666 1550 qualis
689 1467 769 1530 enim
793 1467 991 1548 proiectiouis
1011 1485 1094 1552 usus,
1116 1474 1169 1532 aut
1191 1467 1289 1550 qualis

153 1576 300 1639 materiae
333 1577 526 1660 suppositio,
564 1582 597 1637 ut
630 1574 774 1638 nrundum
815 1573 893 1637 deus
928 1571 1112 1658 fabricaret,
1147 1581 1290 1658 tanquam

154 1700 268 1747 aranea
290 1681 359 1760 tila,
383 1689 433 1745 aut
458 1683 594 1747 mortalis
620 1682 712 1746 bomo
736 1699 791 1746 aes
814 1689 863 1745 aut
884 1682 1000 1766 lignum
1020 1689 1072 1745 aut
1094 1680 1209 1764 aliquid
1231 1681 1324 1747 (ιε-οε

150 1809 230 1854 mum
254 1788 413 1853 materiale
438 1808 570 1872 operans
593 1787 704 1853 sumiti
747 1789 860 1854 Verum
884 1787 973 1868 dixit,
996 1788 1104 1872 inquit,
1127 1795 1157 1852 ει
1177 1788 1289 1852 lactum

152 1904 218 1981 est,
251 1905 283 1960 et
312 1896 373 1961 boc
402 1904 467 1982 est,
501 1905 534 1961 ut
567 1899 650 1961 aiunt
672 1897 720 1960 isli
751 1894 906 1978 homines,
937 1892 1021 1978 quod
1052 1895 1163 1958 dictum
1192 1901 1239 1958 est
1273 1913 1290 1958 a

149 2005 430 2087 doceremini,
455 2005 595 2084 etscctc
621 2011 668 2068 est
697 2005 758 2067 lec.
813 2001 901 2068 Unde
910 2052 919 2086 ,
945 2002 1056 2086 inquit,
1089 2003 1187 2066 extitit
1212 2003 1291 2068 lux?

150 2113 175 2177 ll
199 2111 311 2190 nihilo;
339 2130 402 2175 non
426 2113 507 2175 enim
529 2112 673 2193 scriptum
698 2117 760 2193 est,
783 2109 893 2190 inquit,
917 2109 1017 2191 unde,
1039 2107 1096 2173 sed
1118 2111 1216 2192 ipsum
1237 2129 1292 2176 sc-

149 2219 210 2283 lum
233 2239 252 2282 ε
273 2238 349 2284 eece
366 2219 515 2294 dicantia,·
537 2220 563 2282 is
586 2226 687 2282 aulem
711 2219 762 2298 qui
787 2216 877 2299 dixit,
909 2216 1020 2302 inquit,
1042 2235 1103 2280 non
1127 2226 1207 2302 erat,
1231 2224 1327 2281 ne-lo

151 2345 212 2409 que
235 2326 265 2389 id
288 2325 372 2409 quod
395 2325 509 2390 lactum
535 2331 583 2389 cst
613 2323 679 2388 luit.
735 2323 859 2386 Factum
889 2330 952 2400 est,
987 2325 1102 2410 inquit,
1134 2345 1175 2390 ex
1206 2344 1291 2391 non-

150 2433 272 2498 eutibus
293 2450 400 2498 semen
424 2431 543 2514 mundi,
563 2432 709 2515 verbum,
732 2429 815 2514 quod
840 2429 952 2495 dictum
975 2439 1038 2498 est:
1069 2433 1141 2498 Fiet
1162 2434 1232 2518 lec,
1264 2441 1294 2496 et

151 2540 221 2612 boc,
243 2540 354 2623 inquit,
380 2538 530 2622 estquod
554 2537 667 2602 dictum
690 2544 737 2602 est
758 2540 788 2600 in
813 2537 1002 2622 evangeliis:
1026 2539 1106 2603 Εοοι
1127 2541 1183 2604 iac
1205 2559 1293 2618 nero,

152 2667 233 2730 quoe
254 2648 407 2712 illuminat
437 2665 554 2710 omnam
585 2646 734 2710 bominem
765 2646 935 2710 οεοιεοιεοο
956 2647 990 2709 io
1010 2649 1160 2710 mandem.
1205 2646 1294 2728 Capit

152 2755 300 2838 principia
323 2771 340 2816 a
363 2753 482 2817 semine
502 2754 555 2818 illo
578 2762 610 2818 ει
629 2753 822 2817 illuminatur.
878 2753 943 2816 lloc
975 2759 1023 2818 est
1052 2769 1177 2836 semen,
1206 2752 1327 2837 quode

152 2860 246 2926 babet
267 2863 298 2924 in
318 2878 353 2925 se
376 2862 520 2926 universa
543 2863 677 2946 semina,
707 2861 789 2943 quod
812 2860 997 2926 Aristoteles
1027 2862 1069 2925 ait
1097 2879 1197 2945 genus
1220 2879 1290 2926 esse

151 2971 181 3034 in
203 2969 335 3033 inlicitas
359 2967 487 3032 divisum
510 2969 645 3052 speeies,
669 2967 763 3032 veluti
785 2968 945 3032 dividimus
968 2969 1006 3032 ab
1029 2967 1152 3031 animali
1168 2966 1291 3051 bouem,

152 3091 280 3157 equum,
302 3073 471 3158 bominem,
494 3073 577 3156 quod
602 3072 724 3157 quidem
748 3082 796 3139 cst
817 3093 968 3139 non-ens.
1014 3074 1089 3138 Cum
1111 3075 1205 3158 igitur
1219 3079 1292 3136 ten-

152 3199 242 3265 quem
274 3181 504 3246 fundamentum
535 3182 719 3246 substratum
748 3183 787 3245 sit
813 3181 998 3246 mundanum
1021 3199 1143 3260 semen,
1176 3181 1218 3245 illi
1241 3181 1292 3244 di-

151 3298 238 3354 cunt:
260 3289 410 3372 Quidquid
433 3290 520 3372 dico,
544 3291 659 3373 inquit,
681 3294 751 3373 post
771 3287 850 3351 baec
866 3288 978 3352 iactum
999 3307 1087 3373 esse,
1110 3290 1173 3354 noli
1191 3301 1330 3371 quoe-so

151 3415 223 3461 rere
245 3397 337 3462 unde.
395 3396 534 3462 Habebat
563 3398 643 3460 enim
675 3395 775 3459 omnia
806 3397 923 3460 semina
956 3397 1117 3460 recondita
1149 3397 1182 3459 in
1204 3413 1240 3459 se
1263 3405 1293 3458 et

151 3507 287 3584 reposita
311 3509 454 3586 tanquam
479 3503 646 3566 non-entia
669 3508 699 3565 et
721 3519 737 3563 c
761 3511 918 3566 non-ente
940 3503 1000 3568 dee
1021 3509 1053 3566 ut
1068 3501 1179 3566 lierent
1200 3519 1294 3583 prce-

153 3609 308 3676 medilata.
362 3609 525 3673 Videamus
561 3609 671 3692 igitur,
708 3608 779 3690 quid
817 3609 921 3673 dicant
951 3611 1097 3694 primum,
1133 3617 1186 3673 aot
1218 3608 1291 3690 quid

151 3765 196 3818 22.
215 3765 260 3820 23.
279 3767 476 3837 προσγενέσθαι
493 3762 602 3838 οὐσίαν]
621 3765 793 3837 οροσγένεσον
817 3763 910 3826 οὐσίας
928 3761 949 3818 G
970 3761 1012 3818 M:
1038 3767 1232 3838 npecyireedm
1249 3763 1294 3818 od-

152 3856 214 3908 σοόν
231 3851 399 3926 Rornayeiue
418 3861 447 3908 et
463 3851 621 3908 Bnueeniur
717 3853 761 3908 2³.
786 3852 1069 3926 παροοξονομένοοῦ
1168 3855 1214 3910 28.
1233 3853 1295 3922 ὅλης

153 3942 288 4021 ὑπόθεσις]
317 3945 405 4012 ὑλικῆς
431 3944 581 4008 ὑποθέσεως
612 3943 779 4016 Bernayaius
808 3955 836 4000 et
860 3943 1018 4001 Buneenius
1138 3946 1182 4000 31.
1208 3943 1255 4024 οἱς]
1281 3944 1297 4001 d

153 4035 234 4094 cll:
260 4055 304 4092 om
322 4036 480 4092 Bunecniur
603 4039 647 4094 ³2.
667 4039 711 4093 33.
742 4033 846 4092 lidos.
867 4039 890 4103 l,
909 4039 935 4094 3.
1061 4038 1105 4094 35.
1130 4039 1293 4114 γενόμενον]

151 4131 297 4202 λεγόμενον
320 4127 465 4204 Rocpcrus
579 4131 624 4186 37.
655 4131 669 4184 b
694 4127 808 4207 λεχθεὶς]
834 4128 992 4202 ἐλοχθεῖςῦ
1098 4132 1215 4188 :rc-40.
1242 4129 1292 4186 Er.

152 4219 192 4275 le.
215 4222 237 4285 l,
258 4224 285 4277 9.
407 4222 452 4278 ⁴5.
473 4219 545 4298 dm]
565 4219 687 4278 decli
795 4224 840 4278 48.
860 4223 997 4294 οὐκὸνοο]
1017 4223 1112 4278 odada
1130 4220 1193 4278 ull
1212 4221 1293 4278 Burr-

151 4313 245 4368 aeuiue
282 4309 324 4368 Gi.
344 4313 414 4368 inira
434 4315 452 4367 l.
471 4311 508 4368 X.
529 4333 553 4371 c.
577 4317 616 4370 14.
637 4335 664 4388 p.
679 4317 741 4380 ³20,
759 4317 877 4372 80-83.
898 4317 940 4370 ed.
961 4315 1245 4388 Oxon.:'1ipewydp
1264 4319 1293 4370 tr

150 4407 281 4480 decepisti
299 4407 401 4474 πάντα,
430 4409 490 4462 οἱον
508 4407 565 4479 (τὸν
584 4406 605 4463 C
623 4407 666 4478 ll)
693 4407 740 4462 cdx
765 4410 842 4473 «imo,
867 4408 975 4486 ὖπόῂε]
996 4410 1040 4463 τοῦ
1063 4408 1111 4462 οὐκ
1136 4410 1209 4471 ὄντος
1226 4410 1293 4468 oroi

149 4501 281 4576 γενέσθαι
298 4501 556 4580 προρεροοιιομένα.
668 4499 713 4560 48.
733 4499 781 4556 οὐκ
801 4511 863 4560 ante
884 4501 957 4566 ὄντος
975 4517 1019 4558 em
1039 4497 1139 4558 ccrrG
