3002 4958
323 299 546 358 ratluttttttttt.
578 299 767 360 DRUGll'l’DS.
793 299 1018 360 Damocritus.
1200 295 1243 362 87

84 482 231 558 „nmque
253 465 322 546 qai,
345 463 372 526 si
394 465 434 528 ita
457 464 563 528 dicero
588 465 669 548 licet,
692 465 886 546 antesignani
910 468 1061 530 univorsis
1081 475 1152 548 post
1174 467 1282 530 ittossu

102 569 327 652 philosophalis
350 570 533 654 extiterunt,
562 573 677 654 quippe
706 573 757 653 qui
779 570 819 634 ad
841 579 970 636 conatus
1003 591 1078 638 suos
1106 574 1244 656 reliquos

102 674 337 760 instigaverint,
361 695 398 738 oa
422 695 502 758 quae
525 685 644 741 restant
666 677 896 760 aggrediemur.
1025 712 1049 754 g

188 783 309 848 Etenim
333 790 363 847 et
386 784 581 848 Parmenides
605 803 696 850 unum
720 785 845 866 quidem
868 785 1044 850 universum
1072 783 1158 864 ponit
1188 801 1245 880 ae-

104 899 290 974 toruumque
313 898 345 954 ot
366 899 629 973 congeneratum
654 902 686 956 et
707 892 942 975 sphaeriiormo.
998 891 1045 954 lie
1073 889 1140 971 ipse
1175 891 1246 972 qui-

102 995 174 1084 dem
199 997 354 1080 elugions
378 998 574 1062 multitudinis
601 999 792 1082 opinionem,
822 1001 925 1081 ignem
948 998 1058 1062 dicens
1082 1006 1113 1060 et
1133 1005 1284 1061 terraneo

102 1103 243 1166 universi
267 1105 427 1188 principia,
451 1112 483 1167 et
504 1113 619 1170 terram
642 1105 762 1188 quidem
785 1113 929 1187 tanquam
952 1105 1123 1188 materiam,
1146 1106 1246 1187 ignem

103 1217 207 1274 autem
221 1211 561 1293 morinummontem
585 1222 616 1277 et
637 1219 829 1296 operantem,
844 1211 990 1277 mundum
1005 1212 1081 1276 dixit
1100 1213 1247 1294 consumi,

104 1337 165 1400 qua
189 1337 267 1382 vcro
290 1321 411 1384 ratione
434 1338 497 1384 non
530 1321 613 1384 dixit.
674 1321 758 1384 idem
789 1327 891 1384 autem
921 1319 995 1384 dixit
1027 1322 1246 1402 sempiternum

105 1444 177 1490 esse
210 1428 384 1492 universum
415 1435 446 1491 ot
478 1445 542 1491 non
566 1435 668 1492 natum
697 1437 728 1492 et
757 1427 980 1509 sphaeriiorme
1012 1433 1043 1490 et
1074 1427 1249 1510 aequabile,

106 1550 169 1596 uon
193 1539 295 1598 autem
314 1533 435 1598 iubens
457 1534 557 1599 locum
580 1537 611 1598 in
636 1553 684 1619 se,
708 1542 740 1598 et
761 1536 917 1598 immotum
940 1541 971 1596 et
993 1532 1118 1597 linitum.
1256 1546 1286 1594 oe

191 1641 364 1723 leucippus
386 1648 488 1706 autem
510 1643 643 1706 Zenonis
667 1641 781 1706 sodalis
804 1659 866 1704 uon
896 1642 927 1704 in
958 1639 1069 1703 eadem
1096 1640 1248 1706 sententia

107 1748 337 1832 perseveravit,
359 1749 416 1812 sed
438 1749 512 1813 dicit
533 1749 650 1813 induite
673 1765 744 1812 esse
768 1754 800 1810 et
821 1764 945 1829 semper
966 1747 1120 1810 moventia
1135 1753 1167 1808 et
1188 1763 1249 1830 ge-

107 1855 300 1920 nerationem
324 1859 652 1939 commutationemque
675 1857 861 1920 continuam.
904 1854 1064 1918 Elementa
1082 1860 1183 1918 autern
1199 1853 1250 1916 di·

107 1963 148 2024 cit
169 1963 294 2044 plenum
317 1971 349 2028 et
369 1964 474 2028 inane.
529 1964 662 2028 liundus
691 1971 792 2028 autern
826 1964 911 2028 nasci
934 1963 1008 2026 dicit
1035 1965 1095 2026 sic:
1126 1981 1196 2026 eum
1219 1963 1248 2024 in

108 2071 370 2151 magnum'iaane
400 2089 442 2134 ex
471 2073 641 2136 continenti
670 2077 895 2135 coacervantur
924 2069 1017 2134 muita
1050 2087 1184 2152 corpora
1217 2079 1270 2134 ott

109 2176 283 2259 conluunt,
311 2175 458 2242 illidentia
481 2177 520 2240 ad
544 2195 579 2242 aa
602 2181 732 2242 inuicem
755 2177 933 2259 complicari
966 2195 1046 2260 qaae
1072 2179 1133 2240 sint
1161 2176 1250 2240 simili

108 2285 269 2364 speciest
295 2282 400 2348 iormis
423 2287 588 2368 comparia,
611 2292 816 2366 quaeautem
840 2302 903 2348 non
916 2284 1138 2365 complicentur
1154 2283 1251 2347 alior-

109 2407 175 2454 mm
199 2389 283 2454 terri.
325 2391 456 2472 liundos
479 2397 583 2456 autem
606 2409 777 2476 augescere
795 2399 826 2454 ot
847 2394 950 2473 perire
963 2391 1132 2456 secuudum
1149 2409 1251 2474 quan-

111 2495 178 2562 dam
202 2497 437 2578 necessitatem
467 2515 619 2580 quaenam
642 2505 744 2562 autem
766 2499 804 2560 sit
827 2499 997 2562 necessitas
1019 2517 1082 2562 non
1105 2497 1274 2564 delinivitt

195 2603 390 2669 Democritus
414 2611 514 2670 autem
537 2605 682 2687 Leucippi
712 2605 811 2668 extitit
837 2602 1004 2667 familiaris.
1057 2602 1253 2666 Democritus

110 2711 302 2794 Damasippi,
333 2711 495 2793 Abderita,
530 2730 598 2774 cum
628 2711 729 2775 multis
758 2715 898 2776 versatus
929 2709 1193 2794 gymnosophistis
1221 2711 1252 2772 in

109 2818 193 2882 ludis
215 2828 248 2882 et
268 2819 482 2884 sacerdotibus
504 2821 534 2882 in
557 2821 702 2902 Aegypto
726 2825 759 2881 ct
781 2818 946 2901 astrologis
962 2825 994 2882 ot
1009 2816 1166 2900 Babylone
1185 2835 1255 2881 ma-

111 2927 166 3006 gia.
220 2925 300 2988 Dicit
313 2934 414 2988 autem
437 2905 635 2990 consimiliter
661 2926 817 3008 leucippo
839 2925 880 2988 de
902 2925 1076 3008 elementis,
1106 2925 1196 3006 pleno
1225 2931 1253 2986 et

110 3033 209 3114 inum,
248 3033 277 3094 id
313 3033 397 3114 quod
425 3033 548 3115 plenum
579 3040 628 3096 est
655 3033 814 3115 appellans
836 3035 991 3112 cobesa,
1026 3034 1119 3096 inane
1151 3041 1292 3098 autemto

110 3159 170 3203 aon
194 3141 349 3215 orcistram
377 3139 500 3203 dicebat
529 3146 647 3222 autem,
680 3142 824 3222 quoniam
854 3148 1037 3204 moveantur
1058 3159 1183 3222 semper
1207 3159 1254 3225 ea,

110 3263 192 3326 quae
214 3252 337 3329 extent,
359 3248 389 3308 in
413 3246 507 3310 inani.
551 3246 689 3310 lniinitoa
714 3257 817 3311 autem
840 3265 912 3312 esse
935 3250 1065 3314 mundns
1088 3252 1254 3331 etmagni-

110 3353 217 3418 tudine
241 3352 437 3436 differentes,
461 3356 490 3416 in
514 3353 695 3434 quibusdam
719 3361 820 3418 autem
844 3373 907 3418 non
930 3373 1001 3420 esse
1030 3355 1129 3420 colom
1153 3374 1255 3438 neque

109 3459 233 3544 lunam,
255 3460 287 3523 in
310 3461 490 3541 quibusdam
513 3469 614 3524 autern
638 3461 773 3526 maiores
796 3463 927 3545 nostris,
959 3469 999 3526 et
1022 3464 1053 3525 iu
1076 3461 1255 3544 quibusdam

111 3569 227 3648 plures.
278 3567 356 3632 iisse
386 3574 487 3632 autem
520 3553 701 3632 mundorum
730 3567 910 3649 inaequales
931 3568 1109 3651 distantius,
1142 3575 1172 3632 et
1195 3568 1294 3638 aii-tt

112 3674 181 3736 cubi
201 3673 325 3754 quidem
347 3691 419 3738 esse
440 3673 545 3756 plures
569 3674 717 3757 mundus,
747 3673 859 3737 alicubi
889 3683 991 3738 autem
1015 3677 1190 3760 pauciores,
1225 3684 1258 3740 et

112 3783 189 3846 aiios
212 3781 337 3862 quidem
359 3799 519 3865 erescere,
550 3781 626 3846 alios
649 3781 773 3864 vigere,
806 3780 885 3846 alios
915 3780 1050 3864 denique
1078 3783 1194 3866 perire,
1226 3789 1256 3846 et

112 3888 223 3954 alicubi
246 3889 382 3952 existere
389 3939 397 3972 ,
430 3889 539 3953 alicubi
568 3887 718 3966 deiicere3
746 3889 849 3969 perire
883 3893 983 3951 autom
1014 3905 1032 3950 a
1059 3903 1095 3952 so
1124 3891 1256 3952 invicem

112 3995 305 4059 collidentes.
356 3995 434 4060 iisse
468 4003 571 4059 autem
602 3993 753 4077 quosdam
792 3994 921 4059 mundos
952 3993 1047 4058 orbos
1078 3995 1257 4059 animalibus

113 4111 143 4167 ct
165 4103 278 4185 plantis
300 4103 331 4166 'et
353 4105 462 4184 quovis
485 4102 618 4167 tumido.
663 4101 767 4164 Nostri
790 4107 888 4164 autem
912 4101 1017 4164 mundi
1040 4105 1122 4183 prius
1146 4111 1296 4166 terrarum

113 4261 142 4316 tii
160 4259 212 4326 IX,
231 4261 264 4316 ³¹
294 4260 367 4314 undo
396 4252 541 4332 lloepom
568 4259 598 4314 ari
622 4259 652 4314 di
678 4259 716 4331 μὴ
742 4260 947 4330 περοπλεχθὲνη
974 4259 1129 4329 suspicatur
1159 4275 1184 4327 p.
1205 4257 1257 4311 di'i

114 4355 154 4410 iD.
187 4353 235 4406 dui
258 4371 318 4406 nuc
341 4349 486 4424 liocpcrus
512 4370 528 4407 e
553 4349 680 4422 Diogene
704 4349 814 4408 laertio
838 4349 889 4414 tit
907 4353 957 4406 32:
987 4351 1033 4405 dud
1056 4350 1100 4416 τὴν
1122 4349 1203 4418 uulgo

114 4447 155 4506 id·
168 4445 317 4520 ’Μερόης
335 4441 384 4502 M:
403 4445 549 4518 Addtpiruc
565 4444 646 4518 uulgo
808 4445 853 4500 23.
873 4445 999 4500 ἐκλείπω
1017 4439 1056 4496 Η.
1075 4438 1197 4498 mucuns
