3056 4970
113 367 184 446 e·
590 316 694 376 sutori
712 316 837 376 ditius.
1215 313 1280 379 239

140 483 211 548 dem
232 489 386 564 neturnm,
409 484 538 564 eiusque
561 484 690 566 duplicis
720 485 845 566 quidem
874 491 1002 548 neturee
1026 484 1153 548 ellerum
1185 491 1320 548 nocctes

66 599 121 674 a·
136 591 366 672 absconditum,
396 591 522 654 elterum
553 591 760 671 menifestum
789 590 886 655 lutere
909 598 1010 654 eutem
1033 590 1212 654 abscondite
1231 590 1281 653 illu

139 701 171 762 in
199 698 370 764 manifestis
396 699 477 782 ignis
504 704 535 761 et
564 699 726 765 monileste
755 699 836 780 ignis
863 698 901 761 nb
925 699 1111 762 absconditis
1135 697 1282 762 extitisse.

139 775 205 894 EQ
225 801 325 869 e'titern
353 804 413 871 boc
443 808 537 888 idem,
570 807 652 888 quod
683 807 866 870 Aristoteles
891 813 1041 886 potestate
1064 811 1095 868 et
1116 804 1284 885 efficientia
1417 811 1423 816 '

141 923 242 999 vocet,
265 915 315 978 vel
337 913 422 977 Plelo
443 913 635 996 intellipibile
656 922 688 976 ct
712 914 866 976 tensibile.
920 911 956 976 Et
986 913 1178 975 menifestum
1211 913 1283 993 qui·

142 1021 212 1084 dem
247 1022 328 1104 ignis
357 1019 450 1086 bnbet
476 1023 506 1084 in
539 1039 575 1084 se
604 1039 808 1103 quaecunque
838 1021 905 1102 quis
933 1020 1081 1102 percipiet
1117 1027 1169 1082 eut
1203 1020 1321 1082 toneec

140 1129 381 1210 praetermiserit
403 1145 505 1191 rerum
528 1127 735 1206 sensibilium
765 1127 978 1191 absconditum
1009 1137 1106 1189 entem
1136 1124 1283 1205 quidquid

99 1255 107 1264 ·
140 1237 207 1316 quis
230 1235 380 1317 percipiet
401 1235 590 1318 intelligibile
613 1242 643 1298 et
666 1234 819 1316 effugiens
841 1250 983 1308 sensuru3
1006 1234 1055 1296 vel
1078 1235 1166 1296 etiem
1189 1251 1283 1315 pree-

141 1344 288 1427 termittit,
312 1345 381 1425 quie
405 1361 468 1406 non
492 1344 659 1424 perspexit.
702 1343 853 1406 Universe
868 1342 1052 1405 eutemlicet
1067 1341 1185 1404 dicere:
1209 1357 1279 1403 om-

143 1453 225 1514 uiuni
249 1469 329 1532 quoe
353 1456 473 1534 extent,
508 1457 539 1513 et
567 1449 754 1514 sensibilium
787 1457 818 1512 et
845 1449 1097 1532 intelligibilium,
1128 1466 1208 1530 quoe
1230 1447 1283 1512 ille

143 1555 324 1619 absconditu
348 1563 380 1618 et
398 1555 558 1618 monilestn
583 1555 724 1638 appellet,
754 1553 918 1618 theseurus
940 1562 989 1618 est
1011 1555 1090 1637 ignis
1112 1559 1321 1635 superenne-tt

140 1663 242 1747 lestis,
275 1663 368 1725 veluti
391 1663 485 1726 nrbcr
503 1670 590 1726 vesto
609 1667 754 1743 tunquam
778 1679 836 1743 ee,
866 1679 945 1742 quoe
974 1679 1029 1744 per
1050 1661 1201 1726 somnium
1225 1681 1283 1744 ep·

141 1771 240 1850 perdit
261 1767 576 1849 nabuchodonosori,
600 1787 641 1832 ex
663 1786 723 1848 que
743 1768 842 1832 omnis
865 1787 939 1831 cerc
962 1769 1101 1833 nutritur.
1154 1766 1193 1832 lit
1215 1785 1284 1830 nne·

144 1875 288 1939 niiesturn
319 1875 442 1957 quidem
468 1877 549 1960 ignis
580 1876 745 1939 arbitretur
774 1893 846 1938 esse
877 1877 1021 1958 stirpem,
1051 1893 1175 1960 rennos,
1199 1875 1282 1959 lolio,

140 1985 334 2048 extrinsecus
360 2001 427 2046 eern
450 1984 623 2065 cingentem
647 1984 803 2046 corticem.
849 1982 966 2064 omnic,
989 1985 1094 2065 inquit,
1117 1982 1195 2048 boec
1213 2003 1283 2048 me-

141 2109 223 2175 gnee
246 2091 324 2154 illius
347 2091 464 2154 erboris
487 2092 610 2153 incense
635 2089 673 2153 eb
696 2093 797 2156 omnin
820 2091 1011 2156 comburenti
1034 2091 1115 2173 ignis
1137 2097 1304 2173 pessum-1

141 2197 251 2260 dentur
273 2197 400 2263 llnmnre.
446 2196 507 2260 Sed
529 2196 644 2260 fructus
668 2197 789 2261 erbcris
812 2197 862 2260 ubi
887 2197 1041 2281 eligietus
1064 2199 1120 2262 erit
1142 2205 1173 2260 et
1195 2215 1281 2262 suem

143 2307 279 2388 speciem
302 2311 410 2368 noctus
434 2305 510 2385 orit,
543 2306 573 2367 in
603 2305 753 2385 epotbece
783 2307 957 2388 reponitur,
992 2321 1055 2367 non
1089 2304 1230 2369 obiicitur
1252 2307 1282 2368 in

143 2413 257 2496 ignem.
301 2411 444 2475 Nascitur
471 2411 568 2494 enim,
598 2411 711 2493 inquit,
745 2410 863 2474 iructus
886 2413 988 2492 quiin
1014 2410 1163 2493 epotbeoe
1185 2428 1284 2492 repo·

143 2525 242 2603 netur,
267 2517 355 2602 polee
380 2524 490 2602 eutem,
513 2524 546 2580 ut
569 2516 746 2580 traducetur
767 2518 841 2600 igni,
864 2535 946 2599 quse
969 2524 1015 2580 est
1037 2519 1136 2602 stirps,
1159 2535 1222 2582 neu
1236 2517 1307 2582 suis

141 2643 244 2707 cause,
266 2625 321 2688 sed
345 2633 473 2706 propter
495 2624 626 2687 lruotum
651 2631 731 2687 nete.

234 2731 283 2797 10.
328 2731 365 2796 Et
387 2731 458 2811 boc,
480 2733 530 2810 eit,
553 2738 601 2794 est
623 2729 694 2792 illud
719 2729 802 2811 quod
825 2731 969 2810 scriptum
992 2735 1040 2793 est
1062 2729 1093 2790 in
1115 2729 1283 2809 scripture:

146 2841 245 2906 Vineo
276 2841 356 2902 enim
378 2841 493 2901 domim¹
514 2838 653 2902 Subcotb
673 2842 778 2900 demus
798 2837 902 2899 tecet
920 2844 967 2898 eet
987 2844 1018 2900 et
1037 2836 1087 2898 eir
1108 2835 1187 2896 lude
1207 2853 1284 2913 per-

142 2967 211 3010 men
232 2948 298 3008 cies
320 2945 510 3008 delectobile.
565 2947 617 3010 Sin
641 2942 733 3008 bomo
756 2943 829 3006 lude
853 2960 979 3026 germen
1003 2940 1202 3023 delectabile,
1225 2938 1285 3002 de-

144 3059 345 3118 monstratum
369 3059 426 3134 est,
450 3052 560 3134 inquit,
583 3051 725 3115 erborem
748 3049 821 3113 nibil
844 3067 916 3112 esse
938 3047 1017 3113 eliud
1042 3049 1099 3112 nisi
1122 3046 1324 3110 bominemtt

144 3159 207 3228 Sed
231 3160 270 3223 de
293 3161 468 3222 secretione
491 3161 557 3222 eius
580 3147 612 3222 et
635 3159 822 3223 discretione
844 3159 933 3239 sntio,
959 3158 1073 3240 inquit,
1105 3155 1180 3220 dixit
1202 3155 1285 3219 scri-

89 3323 99 3330 .
140 3274 239 3351 pluro,
263 3273 294 3330 et
315 3267 353 3330 ud
375 3267 608 3330 instructionem
632 3265 742 3330 suliioit
760 3267 806 3349 iis,
830 3267 881 3346 qui
899 3264 1026 3349 effigiati
1051 3271 1129 3346 sunt,
1153 3265 1182 3328 id
1202 3260 1285 3343 quod

143 3373 255 3437 dicium
287 3381 354 3436 est:
389 3371 495 3436 Omnis
524 3391 599 3434 coro
624 3372 749 3452 foenum
776 3382 807 3434 et
832 3375 930 3435 omnis
951 3373 1054 3452 plotio
1076 3372 1182 3432 comit
1211 3379 1285 3432 ton·
1407 3441 1411 3450 Ι

141 3499 233 3564 mom
253 3479 311 3559 llos
330 3479 426 3558 [ceni.
472 3478 606 3542 Exarsit
626 3478 750 3558 [omem
774 3489 805 3540 et
822 3477 879 3557 llos
900 3480 966 3541 mer
988 3481 1104 3541 decidit
1116 3499 1128 3552 ,·
1161 3477 1285 3541 uerbum

141 3597 242 3650 aetem
263 3589 378 3650 domini
399 3593 503 3650 musnet
523 3588 556 3648 in
578 3595 743 3649 selmum.
788 3584 922 3650 Verbum
946 3594 1062 3668 eutem,
1085 3585 1196 3668 inquit,
1224 3585 1323 3644 dc-lb

142 3693 216 3758 mini
246 3701 294 3756 est
321 3695 352 3756 in
380 3711 436 3756 ore
467 3693 548 3774 quod
572 3700 674 3756 netum
698 3699 746 3754 est
768 3693 894 3756 verbum
919 3700 950 3757 et
971 3692 1071 3775 logos,
1094 3690 1169 3756 ulios
1184 3698 1285 3754 eutem

142 3801 238 3866 sedes
263 3801 474 3886 generetionis
497 3819 558 3864 non
583 3805 675 3863 extet.

230 3905 280 3972 ll.
325 3906 398 3970 Cum
429 3914 549 3990 nutem,
573 3911 605 3969 ut
626 3905 733 3988 pnnois
756 3903 986 3986 deiungemnr,
1000 3921 1040 3966 cx
1061 3905 1212 3967 sententie
1235 3904 1287 3969 si-

144 4086 210 4142 nici.
228 4088 254 4150 4,
275 4086 347 4140 't-lt
461 4085 505 4138 99.
524 4081 579 4153 riv]
598 4081 689 4138 rtivG
776 4079 856 4158 αὐτῷ]
877 4080 964 4136 αὐτῶν
982 4078 1003 4135 C
1023 4078 1053 4136 Μ
1167 4083 1194 4136 4.
1220 4081 1287 4134 cimo-

39 4151 47 4172 '
142 4179 221 4251 κάρη]
248 4173 415 4242 merome
537 4175 563 4230 s.
584 4177 609 4229 c.
642 4172 684 4230 ct.
708 4173 805 4229 meniu.
830 4177 857 4240 e,
883 4175 931 4238 rm
957 4171 1024 4227 Luc.
1049 4173 1079 4237 e,
1100 4173 1133 4226 m
1259 4172 1286 4225 τ.

141 4271 336 4342 γεγενημένον
354 4263 457 4322 ccrrC
573 4267 671 4320 9-11.
690 4264 742 4320 les.
754 4267 816 4330 nt.
933 4265 1046 4320 tlt-18.
1069 4264 1081 4317 1
1102 4261 1175 4316 Petr.
1198 4262 1221 4326 l,
1240 4263 1286 4314 24.

141 4361 187 4426 25,
204 4361 251 4415 ubi
270 4359 373 4430 legitur
389 4358 458 4414 duim
475 4373 526 4430 pre
547 4355 585 4410 im
604 4364 632 4410 et
660 4357 726 4419 δόξα
752 4357 830 4424 αὐτῆς
854 4374 904 4428 pro
931 4358 998 4419 δόξα
1020 4353 1126 4427 σαρκός.
1243 4351 1285 4405 tt.

143 4455 208 4528 emp
227 4455 266 4524 dl]
287 4451 342 4508 itt·
363 4451 376 4518 ἢ
395 4449 433 4506 Cr
459 4451 523 4505 cillo
542 4449 571 4504 di
589 4448 646 4503 tite
665 4440 697 4504 οὗ
714 4449 758 4506 nel
778 4441 800 4521 ᾧ
819 4448 882 4502 tito
898 4445 928 4502 ll
1041 4447 1087 4501 ⁶20.
1107 4439 1240 4516 tttpmc
