3052 4984
628 376 790 438 iihhciOti.
1215 389 1281 456 387

133 529 298 608 consistet3
335 538 367 596 et
396 541 445 598 cst
476 541 610 606 omnium
633 555 851 628 generatorum
874 555 1087 635 generationis
1110 557 1316 642 dispensa-tt

133 641 184 700 tor
206 645 237 702 et
266 637 396 704 edoctor
432 641 584 710 discordia
618 653 811 738 peruiciosa,
846 656 947 722 exitus
980 670 1082 728 autem
1113 684 1154 728 ex
1184 685 1278 730 mun·

134 741 175 806 do
199 763 322 830 eorum,
344 767 424 829 quae
443 762 593 834 generata
613 766 700 843 sunt,
732 769 762 824 et
790 767 1036 832 commutationis
1066 778 1097 837 et
1124 772 1156 834 in
1186 791 1278 837 unum

132 853 332 918 restitutionis
355 858 500 924 amicitia:
532 859 573 925 da
595 863 705 945 quibos
727 866 950 958 Empedocles,
979 875 1096 941 scilicet
1123 895 1195 942 esse
1216 881 1278 944 im-

133 959 274 1026 mortalia
297 960 360 1028 duo
387 970 419 1028 et
440 965 622 1050 ingenerata
644 979 676 1036 et
698 993 777 1058 quae
807 978 924 1043 initium
947 982 1094 1048 nascendi
1123 1004 1278 1070 nunquam

133 1067 288 1153 ceperint,
311 1070 371 1135 aiio
393 1073 466 1140 loco
490 1073 564 1142 dicit
584 1080 615 1142 in
638 1077 719 1146 hunc
741 1083 808 1149 iere
831 1088 970 1152 modum:
1286 1105 1316 1158 to

216 1175 360 1258 Profecto
382 1184 461 1246 cuim
483 1192 514 1248 et
526 1187 616 1267 prius
637 1198 707 1253 crot
729 1201 761 1255 et
779 1196 840 1256 crit
861 1215 918 1258 uec
940 1217 1081 1281 uuquam,
1106 1207 1225 1284 opinor,

217 1283 274 1348 tto
296 1287 442 1354 ainbobus
462 1295 646 1359 vacuabitur
668 1299 843 1364 ianmeusum
865 1323 982 1369 aeuum.

130 1387 316 1463 Quibusnam
341 1393 413 1462 hisi
455 1399 618 1466 Discordia
651 1412 683 1468 et
712 1409 862 1489 amicitia;
895 1428 959 1474 non
991 1413 1073 1476 enim
1104 1424 1278 1496 coeperunt

131 1515 211 1582 esse,
224 1501 278 1563 sed
294 1508 366 1566 ante
381 1512 470 1569 erant
485 1515 516 1572 et
529 1517 619 1573 erunt
632 1513 662 1574 in
680 1519 850 1601 aeternum,
869 1519 1024 1606 quoniam,
1041 1539 1110 1584 cum
1127 1531 1277 1608 generata

130 1622 193 1668 uon
207 1609 275 1694 sint,
289 1612 456 1691 perniciem
474 1616 578 1680 subire
592 1629 758 1701 nequeant.
771 1622 854 1706 ignis
870 1631 971 1689 autern
984 1631 1031 1705 [et
1043 1628 1134 1712 aqua]
1150 1638 1181 1694 et
1195 1640 1276 1696 terra
1285 1645 1315 1694 co

131 1719 161 1775 at
183 1723 238 1778 abr
261 1717 422 1784 morientia
450 1730 522 1785 sant
542 1731 572 1788 ct
594 1725 626 1788 in
649 1727 741 1792 vitam
762 1731 932 1797 redeuntia.
991 1732 1065 1798 Cum
1085 1737 1167 1800 enim
1190 1757 1278 1802 mor-

130 1827 180 1886 tua
201 1832 270 1888 sant
297 1823 390 1911 baec,
421 1845 501 1908 quae
529 1849 546 1894 a
576 1831 731 1898 discordia
757 1839 914 1918 criuntur,
943 1841 1212 1924 comprehendens
1239 1865 1277 1911 ea

129 1929 259 1994 amicitia
281 1932 403 1996 adducit
425 1941 456 1997 et
477 1940 601 2020 apponit
624 1947 655 2003 et
677 1944 820 2006 conciliat
842 1947 1008 2031 universo,
1045 1956 1079 2013 ut
1100 1951 1275 2018 universnm

128 2047 309 2119 permaneat
330 2059 438 2127 unum,
461 2041 499 2107 ab
523 2047 652 2112 amicitia
675 2067 799 2133 semper
821 2051 1002 2135 dispositum
1025 2056 1056 2118 in
1079 2075 1172 2121 unum
1195 2079 1276 2124 enn-

128 2141 262 2227 demque
285 2147 408 2212 modum
433 2149 605 2234 eademque
627 2157 759 2222 ratione.
805 2160 935 2234 Quando
959 2168 1061 2226 autem
1085 2165 1216 2231 amicitia
1236 2180 1314 2232 exto

128 2253 228 2318 muitis
252 2253 355 2320 ciiecit
377 2277 488 2343 unum,
513 2269 543 2324 ct
568 2279 605 2324 ea
628 2281 707 2344 quae
735 2267 878 2332 distracta
907 2278 978 2335 sunt
1008 2269 1183 2337 conciliavit
1214 2276 1275 2360 uni,

126 2380 232 2426 rursus
270 2363 424 2429 discordia
462 2367 609 2433 abstrahit
637 2372 674 2434 ab
706 2391 768 2436 uno
806 2381 838 2437 et
865 2376 968 2442 reddit
997 2379 1107 2462 muita,
1142 2379 1201 2444 hoc
1229 2391 1275 2446 est

126 2469 246 2554 ignem,
270 2489 396 2558 aquam,
419 2479 546 2557 terram,
568 2483 693 2561 adrem,
727 2498 807 2561 qnae
841 2499 881 2544 ex
910 2482 958 2548 his
990 2493 1182 2566 generantur
1203 2489 1275 2553 ani-

126 2577 215 2640 matia
239 2585 270 2640 et
291 2585 357 2642 sata
382 2585 412 2642 et
434 2599 635 2663 quascunque
659 2593 761 2665 partes
784 2588 888 2651 mnndi
910 2593 1127 2674 conspicimus.
1171 2595 1210 2660 Et
1234 2596 1273 2660 de

126 2685 230 2749 mundi
260 2685 382 2768 quidem
413 2689 535 2772 specie,
568 2689 665 2771 qualis
689 2693 837 2772 quccdam
867 2696 906 2758 sit
932 2697 969 2759 ab
1004 2701 1136 2766 amicitia
1165 2703 1313 2787 dispo-ss

126 2795 204 2870 sita,
228 2791 301 2854 dicit
322 2792 353 2854 in
376 2792 458 2857 hunc
481 2795 547 2859 iere
570 2795 711 2860 modum:

212 2899 281 2962 Nou
303 2901 384 2961 euim
406 2919 427 2962 o
449 2908 537 2983 ter-po
561 2903 621 2965 duo
643 2905 724 2967 romi
745 2915 888 2986 carpant,

208 3005 279 3070 Nou
296 3007 407 3086 pedes,
430 3025 492 3070 uon
513 3017 625 3090 cepeto
645 3029 764 3094 penus,
795 3031 858 3074 noo
877 3014 1007 3094 iopuiuc
1027 3019 1188 3103 pensitatio,

214 3111 322 3176 Verum
343 3113 453 3194 piobus
475 3121 522 3177 est
544 3122 575 3176 et
596 3115 636 3178 ub
658 3119 740 3180 omui
756 3126 848 3198 porte
870 3123 1011 3202 aequatis
1031 3123 1100 3188 sibi.

126 3215 231 3280 Talem
254 3217 406 3300 quandam
438 3225 470 3281 et
500 3218 733 3300 pulcherrimam
762 3224 901 3305 speciem
936 3228 1039 3290 mundi
1067 3231 1198 3295 amicitia
1229 3249 1310 3300 exto

124 3323 339 3389 multisonam
363 3325 473 3404 eiiioit;
504 3325 659 3391 discordia
682 3336 798 3413 autem,
830 3348 911 3411 quae
935 3342 1096 3398 causaest
1118 3354 1271 3420 perpar-

123 3439 183 3494 tem
207 3431 426 3516 dispositionis
449 3451 490 3496 ex
512 3452 575 3499 uno
598 3434 651 3497 illo
673 3433 813 3498 distrahit
836 3442 868 3499 st
891 3437 983 3501 eiiicit
1007 3441 1109 3507 mtdta.
1154 3443 1194 3507 Et
1210 3445 1271 3509 hoc

124 3544 185 3622 est,
209 3540 292 3622 qnod
316 3539 354 3604 de
376 3557 432 3604 sua
457 3541 662 3624 generatione
685 3541 760 3605 dicit
779 3541 1001 3624 Empedocles:

289 3678 321 3733 od
343 3679 396 3752 pair
423 3677 492 3734 duci
515 3679 609 3733 roiroto
628 3679 677 3735 (irio
706 3680 802 3735 κλάδοι
827 3681 970 3749 ἆὶσσοντοοο,

289 3769 320 3824 cii
336 3771 431 3836 πόδες,
450 3771 482 3825 ori
499 3771 555 3826 bob
574 3772 666 3845 yorir',
685 3772 717 3827 od
734 3774 822 3847 μήδεα
839 3776 992 3848 λαχνήεντα,

284 3861 351 3917 ἀλλὰ
369 3863 441 3935 φρὴν
458 3863 514 3935 ἱερὴ
532 3863 579 3918 soi
598 3863 750 3934 ἀθέσφατος
768 3868 855 3920 ἔπλετο
872 3868 984 3940 μοῦνον,
1003 3887 1028 3923 κ.
1046 3888 1068 3924 τ.
1085 3873 1109 3926 λ.

121 3949 167 4005 bd.
186 3949 310 4008 rimae
390 3952 545 4010 discussic
653 3958 698 4011 37.
716 3957 804 4030 μήδεα
821 3959 960 4031 γεννὴεντα
979 3957 1117 4035 Sanppiuu
1225 3968 1270 4026 38.

120 4043 186 4098 ‹tttt
204 4050 321 4118 opoipos
339 4047 389 4110 ἕεις
401 4048 448 4102 xci
457 4047 590 4102 πάντοθεν
605 4049 663 4110 ἶσος
680 4049 764 4123 Campi
773 4048 975 4108 Schneidewin.
989 4053 1007 4108 l.
1021 4054 1056 4109 L:
1075 4057 1143 4111 ‹tttb
1155 4063 1272 4130 σφαῖρος

119 4135 162 4200 ἔην
185 4135 232 4188 xci
260 4135 337 4189 πάντ’
358 4139 414 4198 ἴσος
443 4135 512 4190 turia
534 4135 618 4207 ἔποσῷ
636 4139 708 4192 coni.
728 4135 769 4194 ht:
789 4141 834 4206 ἔην
851 4148 945 4194 tuetur
961 4158 987 4196 τ.
1011 4140 1173 4216 Empedocl.
1192 4146 1270 4202 Kar-

120 4234 207 4291 sten.;
227 4228 250 4282 si
269 4246 347 4295 rere,
365 4228 511 4284 ridendum
531 4246 564 4283 an
583 4245 634 4300 pro
652 4231 722 4285 toria
739 4231 889 4288 substituas
908 4235 990 4298 ἔστιν,
1005 4252 1037 4289 ac
1050 4235 1073 4288 ai
1084 4232 1268 4309 Empedocles

121 4319 177 4380 icoc
195 4317 294 4374 disent
313 4339 362 4392 pro
381 4325 452 4387 icoc,
478 4331 508 4376 ut
525 4319 690 4377 Karsteniue
704 4323 771 4390 uult,
791 4342 825 4378 au
843 4324 871 4380 iu
897 4325 944 4380 καὶ
962 4326 1045 4380 istest
1062 4326 1148 4394 πάντη
1166 4329 1203 4394 d’,
1223 4328 1268 4402 (ds

120 4406 203 4480 ἑαυτῷ
220 4408 293 4463 anim
311 4411 379 4466 nihii
399 4413 521 4487 dubium)
541 4416 630 4487 ipsunt
656 4433 765 4472 versum
786 4425 878 4472 autern
900 4414 1068 4489 Hippolytus
1088 4415 1199 4472 aliunde
1219 4435 1269 4472 as-

120 4501 215 4558 suerit.
242 4498 387 4574 Roeperns
496 4509 540 4562 ib.
560 4507 611 4562 raia
630 4507 776 4563 delendum
796 4525 858 4564 esso
878 4517 975 4563 conset
993 4505 1142 4579 Sauppiua.

906 4607 982 4672 25·
