3056 4970
231 311 296 380 238
338 312 578 400 (p.¹e³-1e5.)
653 318 748 377 τευτευ
771 319 814 394 v1,
838 323 953 378 ο-ιι.

228 482 284 567 τὴν
305 483 413 567 φύσιν,
436 486 490 546 καί
511 487 565 569 τῆς
586 483 701 570 διπλῆς
721 483 834 570 ταύτης
854 483 947 547 καλοί
965 483 1000 546 τδ
1021 481 1082 566 μέν
1102 505 1132 546 τι
1152 483 1311 567 κρυπτάν,
1334 483 1370 547 τδ

231 587 268 652 δέ
287 611 315 652 τι
337 588 497 673 φανερόν·
524 589 709 676 κεκρύφθαι
731 589 768 654 δὲ
793 590 833 653 τά
854 589 976 675 κρυπτά
1000 589 1036 654 ἐν
1056 599 1120 664 τοϊς
1142 599 1296 673 φανεροΐς
1315 592 1372 652 τού

231 695 346 778 πυρός,
377 698 432 758 καί
451 694 489 759 τά
512 695 640 779 φανερά
660 698 715 760 τοό
737 695 838 776 πυρός
859 694 923 759 όπδ
945 699 1008 759 τόν
1028 699 1176 781 κρυπτῶν
1196 698 1372 774 γεγονέναι.

225 800 306 863 Ἔστι
329 800 365 864 δὲ
386 805 492 878 τοῦτο,
524 801 603 888 ὅπερ
629 801 839 889 Ἀριστοτέλης
866 801 999 884 δυνάμει
1029 805 1084 865 καί
1111 801 1252 888 ἐνεργείᾳ
1282 801 1376 865 καλετ

193 911 252 993 ιοῆ
273 907 411 973 Πλάτων
432 909 545 994 νοητόν
565 915 620 973 καί
641 909 807 995 αλσθῃτόν.
852 915 916 973 Καὶ
938 911 973 974 τδ
994 913 1055 993 μὲν
1076 909 1219 995 φανερὸν
1238 913 1295 973 τού
1309 929 1372 974 πυ-

232 1016 287 1100 ρδς
306 1016 414 1082 πάντα
438 1017 500 1098 ἔχει
520 1017 556 1080 ἐν
576 1015 678 1104 ἑαυτῷ
700 1017 761 1080 όσα
783 1018 826 1082 άυ
846 1041 892 1092 τις
912 1016 1063 1108 ἐπινοήσῃ
1086 1019 1107 1102 ἢ
1128 1022 1183 1080 καὶ
1197 1015 1289 1105 λάθῃ
1304 1039 1371 1080 πα-

231 1121 379 1210 ραλιπιόν
399 1127 462 1187 τεόν
484 1122 617 1209 ὁρατῶν.
665 1125 711 1187 To
735 1122 771 1187 δε
793 1124 932 1210 κρυπτόν
952 1129 1021 1188 πᾶν
1041 1125 1046 1210 Ι
1070 1122 1098 1201 ό,
1121 1147 1150 1188 ττ
1172 1123 1312 1208 δννυήσει
1327 1147 1373 1198 τις

230 1229 343 1316 νοῃτδν
373 1237 426 1293 καὶ
455 1230 614 1314 πεφευγδς
638 1231 693 1316 τὴν
722 1233 874 1316 αἴσθησιν
901 1233 997 1316 ἢκαί
1018 1229 1209 1317 παραλείπει
1231 1229 1274 1316 μδ
1298 1229 1372 1295 δια-

231 1342 368 1425 νοηθείς.
414 1336 569 1402 Καθόλου
596 1337 634 1402 δέ
655 1338 738 1402 ἐστιν
759 1339 874 1415 εἰπεῖν,
896 1339 1025 1402 πάντων
1046 1341 1109 1401 τῶν
1130 1339 1231 1402 ὄντων
1252 1339 1372 1423 αλσθῃ-

194 1451 293 1514 υττιόν
314 1469 345 1510 τε
366 1451 420 1510 καί
442 1451 577 1532 νοῃττόν,
608 1441 654 1510 δν
680 1445 800 1521 ἐκεῖνος
831 1449 976 1530 κρυφίων
997 1449 1052 1508 καί
1074 1449 1225 1531 φανερόν
1248 1462 1371 1530 προσα-

229 1555 361 1640 γορεόει,
384 1553 446 1617 ἔστι
468 1553 633 1639 θησαυρός
657 1553 692 1617 οδ
712 1557 777 1637 πόρ
798 1552 832 1616 τό
855 1549 1097 1638 όπερουράνιον,
1120 1549 1218 1617 οἱονεὶ
1237 1551 1372 1636 δένδρον

228 1664 311 1744 μέγα
333 1659 376 1735 ὥς
397 1661 431 1726 τό
454 1659 494 1724 δι’
516 1659 640 1745 ὀνείρου
661 1658 861 1743 βλεπόμενον
881 1665 925 1746 τῷ
946 1659 1251 1746 Ναβουχοδονόσορ,
1275 1659 1310 1736 λξ
1332 1654 1372 1723 ού

229 1773 321 1834 πάσα
350 1769 431 1856 σάρξ
457 1771 613 1853 τρέφεται.
668 1773 732 1832 Καὶ
759 1767 793 1832 τδ
823 1771 884 1851 μὲν
914 1769 1057 1853 φανερόν
1088 1767 1172 1832 είναι
1195 1771 1250 1831 τοῦ
1272 1767 1373 1850 πυρός

232 1874 348 1958 νομίζει
371 1873 405 1938 εδ
427 1878 579 1962 πρέμνον,
600 1875 673 1950 τούς
693 1874 841 1951 κλάδους,
863 1875 902 1938 τά
925 1875 1044 1960 φύλλα,
1067 1875 1122 1940 τόν
1143 1874 1268 1952 ἔξωθεν
1285 1873 1372 1962 αύτῷ

213 1986 449 2069 ίπερικείμενον
471 1981 598 2067 φλοιόν.
637 1982 799 2059 Ἀπαντα,
823 1985 918 2067 φῃσί,
941 1987 1039 2047 ταῦτα
1060 1985 1116 2046 τοό
1136 1982 1276 2066 μεγάλου
1299 1981 1373 2046 δέν-

232 2089 312 2177 δρου
345 2089 541 2175 άναφθόντα
572 2088 639 2152 άπδ
668 2093 722 2175 τῆς
751 2090 931 2174 παμφάγου
963 2094 1019 2153 τού
1051 2089 1152 2175 πυρός
1185 2087 1373 2174 ἀφανίζεται

232 2197 363 2284 φλογός.
407 2195 444 2260 ‘0
474 2196 510 2261 δὲ
540 2197 664 2283 καρπὸς
690 2200 745 2261 τού
775 2195 912 2283 δένδρου
942 2195 1001 2261 δάν
1021 2196 1222 2286 λξεικονισθῇ
1243 2201 1298 2260 καί
1317 2197 1373 2282 τὴν

232 2305 345 2370 ἑαυτοῦ
375 2304 505 2390 μορφὴν
532 2303 700 2394 ἀπολάβῃ,
734 2303 780 2379 είς
804 2285 979 2389 ἀποθήκην
1004 2306 1144 2381 τίθεται,
1177 2303 1236 2368 οδκ
1263 2305 1309 2380 είς
1337 2305 1372 2368 τδ

213 2415 308 2498 υπύρ.
351 2414 467 2492 Γέγονε
487 2415 547 2494 μέν
568 2411 649 2497 γάρ,
674 2414 788 2497 φησίν,
811 2410 829 2474 δ
852 2410 994 2498 καρπός,
1018 2416 1073 2475 ίνα
1094 2411 1140 2486 ελς
1160 2413 1216 2496 τὴν
1238 2409 1372 2497 άποθή-

233 2541 291 2607 κῃν
311 2521 409 2610 τεθῇ,
443 2518 477 2583 τδ
511 2517 547 2582 δὲ
568 2519 704 2605 ἄχορον,
734 2524 788 2582 ίνα
811 2517 992 2608 παραδοθῇ
1012 2523 1056 2605 τῷ
1078 2522 1171 2604 πυρί,
1202 2519 1280 2606 δπερ
1309 2519 1373 2584 ἐστὶ

232 2629 384 2714 πρέμνον,
408 2623 466 2689 ούκ
484 2624 582 2689 αότοῦ
603 2625 698 2712 χάριν
719 2623 805 2689 ἀλλὰ
827 2629 882 2690 τοό
904 2629 1032 2713 καρποῦ
1052 2629 1267 2712 γεγενημένον.

321 2773 370 2839 10.
417 2777 479 2836 Καὶ
500 2769 592 2836 τοῦτό
612 2771 685 2849 ἐστι,
709 2775 805 2859 φησί,
836 2773 870 2836 τδ
890 2777 1108 2858 γεγραμμένον
1130 2773 1166 2838 δν
1186 2779 1224 2866 τῇ
1243 2777 1372 2868 γραφῇ·

227 2879 263 2944 ‘O
295 2881 371 2966 γάρ
399 2877 594 2963 άμπελδν
625 2883 767 2965 κυρίου
799 2880 968 2962 σαβαόθ
997 2881 1108 2956 οίκος
1129 2885 1194 2945 τοῦ
1214 2879 1373 2970 Ἰσραήλ

195 2986 335 3063 λυλστι,
368 2993 434 3049 καί
456 2988 677 3071 ἄνθρωπος
697 2991 764 3051 τοῦ
782 2984 917 3050 Ἰούδα
939 2987 1142 3072 νεόφυτον
1164 2984 1373 3076 ἤγαπῃμέ-

232 3113 313 3158 νον.
357 3094 399 3156 Et
420 3091 456 3156 δὲ
478 3093 656 3177 ἅνθρωπος
684 3096 739 3157 τοῦ
756 3091 864 3157 Ἰούδα
885 3093 1038 3178 νεόφυτον
1059 3091 1284 3180 ἤγαπῃμίνον,
1318 3095 1374 3160 δέ-

234 3198 366 3277 δεικται,
389 3203 505 3286 φῃσίν,
529 3199 575 3264 ότι
596 3198 693 3276 ξύλον
714 3197 773 3264 οδκ
794 3199 875 3264 άλλο
897 3223 925 3264 τι
947 3199 1019 3264 ἀλλ’
1039 3203 1060 3286 ἢ
1080 3201 1258 3288 ἄνθρωπος
1279 3202 1372 3267 ἐστίν.

229 3306 329 3371 Ἀλλά
352 3313 424 3392 περὶ
444 3317 497 3394 τῆς
517 3307 682 3394 ἐκκρίσεως
704 3305 801 3370 αύτού
823 3312 876 3369 καὶ
900 3306 1085 3395 διακρίσεως
1109 3305 1241 3386 ἱκανοῖς,
1266 3313 1371 3394 φῃσίν,

232 3417 354 3500 εἴρηκεν
374 3413 393 3500 ἡ
415 3414 534 3501 γραφή,
557 3413 713 3497 καὶπρὸς
734 3412 947 3478 διδασκαλίαν
969 3413 1061 3502 άρκεί
1080 3425 1144 3490 τοϊς
1163 3414 1373 3498 ἑξεικονισμέ-

197 3531 301 3597 ίόνοις
321 3523 355 3586 τδ
378 3520 510 3604 λεχθέν·
538 3521 595 3586 ότι
616 3525 728 3586 πάσα
749 3523 850 3609 σὰρξ
871 3521 1026 3608 χόρτος,
1049 3525 1113 3584 καί
1134 3526 1245 3586 πάσα
1268 3521 1372 3601 δόξα

234 3630 384 3714 σαρκδς
405 3627 452 3706 τίς
474 3629 608 3704 άνθος
627 3629 781 3716 χόρτου.
821 3627 1051 3715 Ἐξῃράνθῃ
1084 3629 1101 3693 ό
1123 3627 1283 3717 χόρτος,
1306 3635 1373 3694 καὶ

233 3736 274 3799 τδ
306 3737 438 3810 ἄνθος
465 3731 591 3799 αύτοῦ
617 3737 793 3812 ἐξέπεσε·
824 3735 862 3800 εδ
893 3734 934 3799 δὲ
966 3734 1072 3822 ῥῆμα
1101 3741 1239 3824 κυρίου
1260 3741 1373 3822 μένει

233 3842 290 3916 είς
311 3845 379 3905 τόν
401 3841 535 3906 αίόνα.
573 3841 673 3927 Ῥῆμα
696 3840 742 3918 δέ,
766 3846 872 3928 φησίν,
895 3842 957 3907 ἐστὶ
981 3845 987 3928 Ι
1009 3846 1118 3928 κυρίου
1140 3846 1173 3908 τό
1196 3845 1232 3909 όν
1244 3845 1372 3930 στόματι

233 3947 527 4032 γεννύμενονρἥα
550 3951 604 4010 καί
624 3948 727 4028 λόγος,
751 3947 834 4038 ἄλλῃ
859 3947 895 4012 δὲ
917 3952 1034 4032 χωρίον
1054 3952 1203 4029 γενέσεως
1223 3949 1281 4016 οδκ
1301 3951 1372 4017 ἔστι.

195 4062 226 4112 το
323 4054 371 4120 ll.
400 4055 572 4118 ΙΊόιυότυυ
606 4055 642 4120 δὲ
670 4057 775 4132 ὄντος,
803 4051 846 4129 τίς
868 4053 908 4119 δι’
929 4053 1047 4136 όλίγων
1066 4058 1185 4134 εἰπεῖν,
1216 4059 1297 4124 κατὰ
1318 4062 1374 4126 τόν

306 4249 350 4303 90.
369 4243 535 4302 Πλάπωνῦ
655 4251 699 4304 92.
724 4251 775 4303 τῶν
793 4249 905 4319 ὁρατόν]
925 4249 970 4303 τὸν
988 4247 1144 4322 άόραωνλῖ
1235 4235 1303 4306 '93.
1328 4271 1374 4307 πε·

235 4337 380 4414 φευγῶεὒ
460 4340 486 4409 ἢ]
505 4343 529 4394 εί
545 4337 566 4395 C
584 4339 614 4396 M
726 4342 771 4397 94.
791 4341 883 4412 ὄντων]
905 4339 1014 4397 ὅλωνῦ
1064 4377 1067 4384 ,
1128 4344 1173 4398 95.
1200 4347 1320 4414 κρυφίως
1337 4377 1374 4390 -

235 4434 359 4504 φανερῶς
377 4429 399 4486 G
416 4431 446 4486 M
560 4435 604 4488 97.
623 4432 660 4494 τίς
675 4433 713 4504 τό]
733 4430 809 4494 άςΟ
880 4432 924 4486 τὸν
943 4433 1185 4506 Ναβουχοδονόσορ
1199 4430 1229 4490 C.
1254 4431 1296 4488 Cf.
1312 4431 1374 4490 Da·-
1472 4494 1475 4503 ¹
