3002 4958
598 273 845 336 Anffldottns.
1255 273 1298 340 23

146 439 318 504 sinantim
342 448 374 502 et
396 457 437 502 ex
460 440 547 522 aquis
570 443 601 505 in
627 449 728 520 terrm
750 459 822 504 asse
845 442 926 506 enim
951 461 1018 506 esar
1041 433 1148 508 earam
1171 449 1201 506 et
1215 463 1296 508 eon-

143 549 247 610 tioere
268 563 378 628 aquam
401 547 433 608 in
456 550 608 644 novennis.
660 548 760 612 Nilum
782 557 884 613 eutem
913 567 1085 634 augescere
1110 569 1167 632 per
1187 560 1335 617 emto-tt

144 662 227 737 tear,
260 671 326 717 earn
350 651 532 718 deferantur
561 657 592 717 in
615 671 684 718 eum
708 671 810 743 aquae
832 675 850 720 a
872 655 992 720 nivibus
1020 657 1102 738 apud
1132 667 1293 724 antoeoos.
1395 683 1398 692 ·

142 761 249 826 satan
271 769 372 824 aotam
395 767 428 823 et
449 761 550 826 lunam
574 779 745 845 omnesque
780 761 890 826 stellas
922 761 1037 844 lapidea
1078 781 1149 828 osae
1179 767 1294 850 ignitos

142 867 384 932 oireomvolutos
406 885 467 931 nna
491 868 529 931 ab
551 867 688 932 aetheris
720 869 886 932 rotatione.
942 869 1020 932 Esse
1052 877 1153 932 autern
1188 873 1294 936 sotter

141 975 249 1040 medas
270 976 367 1039 solem
384 983 417 1039 et
430 974 531 1040 lunam
546 983 579 1037 et
595 993 728 1056 oorpora
746 976 897 1057 quaedam
917 993 978 1040 nna
997 977 1212 1042 circumrotata
1230 998 1293 1042 no·

142 1085 193 1148 lats
216 1101 279 1146 non
301 1089 485 1165 oonspanla;
508 1083 642 1146 calorem
667 1088 767 1147 autern
790 1101 852 1146 non
875 1083 985 1146 sentiri
1007 1083 1179 1169 stellarum,
1210 1097 1330 1167 quo-as

141 1193 227 1256 nianr
250 1190 373 1271 longius
395 1190 508 1253 distent
530 1207 548 1252 a
571 1197 671 1268 terra;
705 1197 865 1272 praeterea
895 1208 972 1254 nero
1005 1209 1070 1256 non
1100 1211 1204 1273 parem
1234 1195 1291 1258 soli

141 1298 280 1362 calorem
324 1295 453 1376 habere,
497 1298 567 1378 quia
609 1297 711 1361 looum
752 1296 909 1362 obtineant
949 1297 1149 1388 frigidiorem.
1214 1299 1292 1364 llsae

141 1411 247 1468 autern
288 1402 391 1466 lunam
427 1402 605 1466 interiorem
644 1402 712 1468 sola
750 1405 927 1485 propiorem
969 1405 1070 1470 nobis.
1137 1407 1291 1488 superare

141 1518 247 1576 uatem
279 1509 490 1592 magnitudine
523 1509 622 1574 solem
646 1510 904 1591 Peloponnesum.
958 1509 1074 1572 Lumen
1098 1519 1197 1575 autem
1228 1529 1289 1576 non

140 1617 260 1681 habere
289 1635 378 1680 suurn
405 1615 525 1700 lunam,
560 1615 617 1678 sed
647 1634 665 1679 a
696 1615 776 1680 sole.
843 1614 1005 1679 Stellarum
1025 1623 1129 1703 ,autam
1153 1629 1329 1680 conver-to

139 1725 263 1788 monem
293 1721 349 1786 sub
371 1731 485 1786 terram
513 1723 590 1788 lieri.
651 1721 794 1785 Delioere
828 1727 931 1785 autern
968 1721 1071 1785 lonarn
1100 1729 1182 1786 tarra
1217 1722 1290 1786 olli-

140 1833 263 1913 oienta‚
307 1829 459 1892 interdum
497 1836 599 1893 autem
639 1829 731 1896 etiam
773 1828 811 1892 iis
846 1847 927 1912 quae
958 1836 1029 1894 sunt
1066 1830 1145 1894 inira
1177 1829 1289 1916 lunera,

138 1933 241 2000 solem
271 1941 372 1996 autem
402 1933 568 1997 noviluniis
590 1932 662 1996 luna
684 1931 849 1996 officiante.
906 1931 1073 1996 Glinamina
1104 1940 1206 1997 autam
1236 1933 1288 1998 la·

47 2109 59 2124 .
139 2059 217 2106 oere
246 2045 279 2104 at
316 2039 413 2104 aolem
450 2048 482 2104 et
520 2041 639 2122 lunam,
680 2039 803 2122 repulsa
843 2039 881 2102 ab
916 2047 1011 2118 adra;
1051 2039 1152 2104 lunam
1186 2047 1286 2104 autem

139 2167 239 2232 saepe
271 2147 440 2211 declinare
459 2152 623 2229 propterea
654 2146 742 2229 -quod
781 2154 917 2229 nequeat
950 2163 1099 2230 superare
1132 2148 1326 2230 trigidumaa

140 2256 200 2320 llio
224 2254 358 2318 delinivit
378 2254 493 2335 primus
516 2254 688 2316 doctrinam
722 2251 929 2317 detentionum
962 2257 993 2315 et
1018 2253 1286 2320 illuminationum.

141 2363 228 2426 Dixit
249 2369 351 2426 autem
380 2369 535 2424 terrenam
563 2377 632 2423 esse
655 2359 757 2425 lunam
784 2358 962 2442 habereque
990 2359 1022 2422 in
1045 2378 1081 2423 se
1102 2377 1228 2442 campos
1256 2369 1285 2424 ot

140 2467 248 2534 saltus.
275 2529 276 2532 ,
306 2467 458 2531 Cironium
494 2475 596 2530 sutem
635 2465 765 2530 laotaum
802 2468 1072 2548 repercussionum
1105 2485 1177 2530 asae
1209 2466 1287 2530 lueis

142 2575 301 2639 stellerum
325 2591 387 2636 non
411 2581 623 2654 superatarum
651 2571 776 2649 asole3
810 2571 1020 2636 discurrentes
1052 2579 1153 2636 autem
1183 2571 1287 2636 stellas

141 2691 297 2763 tamquam
323 2679 470 2744 scintillas
491 2678 676 2744 resultantes
701 2679 775 2742 oriri
800 2695 840 2741 ax
863 2683 947 2740 motu
970 2679 1041 2758 poli.
1085 2679 1202 2741 Ventos
1226 2689 1325 2740 su-to

140 2799 204 2854 tem
227 2791 313 2852 nasei
336 2805 404 2852 oum
427 2793 614 2850 extenuetur
636 2793 691 2849 atr
713 2805 731 2848 a
754 2783 822 2848 sole
844 2791 875 2847 ot
899 2789 1002 2865 partes
1025 2791 1154 2848 exustas
1169 2783 1208 2846 ad
1224 2801 1286 2865 po-

140 2898 203 2960 lura
225 2895 359 2958 subeant
381 2903 412 2957 et
434 2894 625 2958 deierantur.
671 2890 819 2956 'lonitrue
841 2899 943 2954 aotam
967 2897 999 2952 at
1016 2889 1137 2973 lolgura
1153 2908 1171 2953 a
1185 2889 1286 2954 ualido

139 3005 206 3068 ieri
230 3001 315 3084 quod
337 3001 451 3065 ineidat
472 3003 504 3063 in
528 3001 637 3065 nubes.
682 3000 784 3064 llotua
806 3007 907 3063 autem
930 3006 1033 3060 terrae
1055 2997 1212 3062 derisum
1228 3016 1286 3061 su·

139 3111 248 3192 perior
270 3115 326 3172 adr
348 3109 464 3174 ineidat
476 3109 509 3170 in
525 3107 777 3186 subterraneum
799 3105 860 3170 lroo
872 3105 952 3168 enim
965 3103 1151 3168 motoatiam
1168 3113 1285 3168 remam

137 3223 169 3280 in
193 3233 235 3280 eo
256 3224 370 3280 temam
392 3217 430 3278 alr
452 3233 492 3279 eo
515 3203 651 3278 e'onouti¹
695 3211 847 3276 Animalia
868 3219 971 3276 autam
994 3211 1081 3275 initio
1102 3213 1135 3274 in
1160 3211 1323 3275 humidott

137 3331 210 3388 nata
234 3340 320 3406 esse,
344 3321 485 3404 postilla
508 3328 609 3385 autem
633 3339 672 3383 on
694 3336 730 3383 so
752 3319 893 3403 inuicem,
916 3327 948 3382 et
970 3318 1136 3384 mmodim
1159 3317 1283 3400 quidem

137 3431 206 3496 deri
228 3447 338 3494 euna
365 3428 481 3492 dextris
515 3426 651 3511 partibus
682 3433 836 3491 seoretnm
868 3443 974 3489 seman
997 3425 1113 3490 dextris
1149 3425 1284 3506 partibus

141 3539 221 3600 uteri
246 3536 468 3618 adhaerescat,
493 3534 637 3598 feminine
661 3543 761 3598 autem
785 3551 841 3615 per
864 3532 1060 3596 eontrarium.
1105 3519 1160 3593 llio
1182 3531 1285 3594 llorult

137 3661 221 3708 anno
246 3645 342 3725 primo
365 3644 578 3726 octogesimae
603 3647 732 3704 nolanae
756 3637 956 3722 olympiadis,
989 3654 1051 3720 quo
1082 3645 1222 3718 ternpore
1253 3647 1284 3700 et

137 3753 297 3816 Platonem
319 3750 424 3813 dicunt
447 3755 550 3812 natum
575 3767 655 3812 esse.
700 3747 789 3810 llono
811 3746 895 3810 aiunt
919 3746 1009 3807 etiam
1031 3761 1134 3807 rerum
1163 3745 1321 3807 lutum-uo

139 3879 206 3924 ram
230 3876 415 3941 praesagam
438 3856 545 3920 luisse.

136 4147 182 4200 29.
201 4145 249 4198 sni
267 4143 314 4196 dod
330 4143 447 4197 dolenda
467 4159 529 4197 aare
545 4140 694 4212 tautologia
714 4140 889 4194 demonstrat
926 4134 1017 4192 Aliter
1031 4131 1175 4207 lloeperus
1191 4150 1218 4204 p.
1229 4133 1283 4187 614

137 4239 182 4293 tl.
206 4235 261 4290 rte
279 4235 308 4288 di
326 4233 484 4307 lloeperas:
507 4233 561 4290 τόν
577 4253 601 4288 aa
618 4233 700 4304 uulgo
831 4233 876 4286 42.
894 4219 1185 4300 iomtappmpboer]
1203 4241 1283 4276 aare·

135 4329 321 4402 ὴμπομὲνυν
338 4325 493 4382 &enonas
583 4328 627 4382 47.
646 4325 675 4380 di
693 4322 851 4396 Roeperus:
871 4341 895 4376 ra
910 4319 991 4402 uulgo
1076 4317 1120 4370 49.
1139 4317 1281 4387 4μπ4πτον-

135 4439 177 4484 tea
195 4418 376 4476 Schubaeh:
395 4419 561 4482 dminronoc
578 4418 660 4489 vulgo
777 4417 820 4470 5¹.
839 4413 988 4488 parvarum
1006 4405 1030 4462 B
