3050 4988
224 315 288 380 300
333 311 571 400 (ηοω-του.)
665 314 761 372 mann
783 313 828 390 vl,
852 321 901 375 ιι.
925 321 976 374 τε.

184 507 213 555 τε
310 484 362 552 ⁴1.
411 487 553 550 Τοιαῦτα
574 485 611 550 δέ
633 489 688 550 καί
708 489 798 570 ἕτερα
819 485 971 571 ἐπεχείρει
992 481 1010 547 δ
1033 481 1157 555 πλάνος
1176 487 1291 544 ποιεῖν
1315 478 1367 544 διδ

222 589 286 656 ύπδ
308 595 371 656 τόν
393 590 613 677 άπατωμένων
634 593 808 672 ἐδοξάζετο,
832 596 886 657 καλ
907 595 982 656 ποτέ
1005 585 1269 672 αύτδςένομέζετο
1286 609 1368 671 πρυ·

223 698 378 786 φητεόειν,
400 703 477 764 ποτὲ
499 700 535 764 δὲ
557 705 612 764 καί
632 699 757 787 ἑτέρους
777 700 892 776 ἐποίει,
916 698 966 763 διε
987 701 1113 782 μένκαλ
1128 695 1184 762 διδ
1200 695 1367 778 δαιμόνων

222 810 321 870 ταῦτα
339 807 484 893 ἐνεργῶν,
508 806 559 872 ότε
581 806 618 873 δὲ
639 813 694 871 καί
714 808 865 889 κυβεύων,
885 805 892 896 Ι
911 805 955 881 ός
971 807 1176 891 προείπομεν.
1220 801 1368 879 Πολλούς

222 918 328 980 τοίνυν
348 915 568 1000 ἐξαφανίσας,
599 919 654 978 καί
674 913 815 990 πολλούς
835 911 993 988 τοιούτους
1021 911 1173 998 μαθητάς
1194 908 1293 976 αύτού
1313 933 1366 990 γε·

182 1036 212 1085 ου
221 1024 375 1106 νομένους
395 1025 606 1108 προεβίβασεν
620 1019 770 1096 εύκόλους
784 1025 844 1104 μὲν
859 1021 942 1086 εἶναι
959 1018 1096 1097 διδάξας
1113 1018 1195 1105 πρὸς
1208 1019 1243 1083 τδ
1259 1015 1367 1104 άμαρ-

221 1129 337 1207 τάνειν,
360 1126 552 1205 ἀκινδύνους
575 1129 610 1193 δέ
639 1129 695 1194 διολ
722 1130 757 1194 τό
790 1130 873 1193 εἶναι
894 1133 947 1215 τῆς
967 1128 1086 1203 τελείας
1114 1126 1280 1211 δυνάμεως
1311 1131 1366 1190 καί

219 1239 358 1320 μετέχειν
379 1241 432 1322 τῆς
452 1234 643 1324 άνεννοητου
673 1237 839 1315 ἐξουσίας·
869 1235 915 1312 οές
945 1241 999 1300 καί
1027 1235 1105 1320 μετά
1135 1237 1169 1299 τδ
1201 1235 1365 1319 βάπτισμα

220 1347 324 1429 έιερον
345 1344 609 1425 ἐπαγγέλλονται,
639 1345 658 1410 δ
688 1344 841 1409 καλοῦσιν
863 1341 1094 1430 ἀπολύτρωσιν,
1127 1347 1181 1406 καί
1207 1341 1364 1426 ἐντούτῳ

220 1449 471 1538 ἀναστρέφοντες
492 1457 597 1528 κακῶς
617 1453 689 1528 οοδς
710 1449 818 1527 αύτοτς
839 1455 1084 1538 παραμένοντας
1110 1450 1164 1514 ἐπ’
1183 1448 1291 1514 ἐλπίδι
1312 1454 1365 1535 τῆς

180 1558 478 1646 Θῡάπολυτρόσεως,
498 1558 541 1636 ὥς
553 1559 753 1644 δυναμένους
772 1559 851 1644 μετδ
871 1559 905 1624 τὸ
927 1558 1020 1636 άπαξ
1039 1560 1276 1641 βαπτισθέντος
1297 1557 1364 1622 πά-

219 1665 272 1732 λιν
293 1678 397 1749 ιυχετν
419 1665 580 1754 ἀφέσεως,
604 1666 660 1732 διά
681 1669 737 1732 τοῦ
764 1665 906 1732 τοιούτου
933 1665 1197 1752 πανουργήμαως
1223 1666 1365 1746 συνέχειν

221 1773 350 1839 δοκοῦσι
371 1775 443 1851 τοδς
464 1775 639 1862 ἀκροατάς,
667 1776 723 1850 οὓς
750 1774 837 1840 ἐπάν
863 1777 1015 1859 νομίσωσι
1042 1772 1280 1857 δεδοκιμάσθαι
1309 1777 1364 1837 καί

220 1880 385 1946 δύνασθαι
409 1881 585 1967 φυλάσσειν
616 1879 724 1956 αδτοϊς
751 1881 790 1945 τά
818 1880 925 1958 πιστά,
956 1882 1024 1946 τότε
1051 1880 1106 1946 ἐπί
1132 1883 1222 1946 τοῦτο
1250 1880 1363 1961 ἄγουσι

218 1987 298 2074 μηδὲ
319 1991 416 2076 τούτῳ
436 1990 525 2076 μόνῳ
545 1989 748 2076 ἀρκούμενοι,
772 1989 857 2054 άλλδ
881 1995 936 2054 καί
956 1989 1064 2076 ἔτερόν
1084 2013 1113 2054 τι
1127 1987 1363 2072 ἐπαγγελλόμε-

181 2114 270 2164 νονοι
291 2097 371 2183 πρδς
394 2097 428 2160 τδ
450 2108 632 2182 συγκροτεῖν
654 2095 769 2172 αύτούς
790 2101 826 2187 τῇ
848 2094 966 2173 ἐλπίδι,
991 2095 1080 2172 όπως
1101 2095 1270 2183 ολχτόριστοι
1293 2093 1360 2162 ὦσι.

220 2206 359 2283 Λέγουσι
380 2205 443 2289 γάρ
464 2226 492 2268 τι
515 2208 609 2295 φωνῇ
632 2203 773 2290 α’ρρήτῳ,
805 2205 999 2280 ἐπιτιθέντες
1019 2215 1110 2288 χείρω
1132 2205 1252 2291 τρίτην
1276 2201 1361 2268 όπο-

217 2311 372 2398 λύτρωσιν
394 2311 539 2394 λαβόντι,
563 2313 582 2376 δ
603 2314 783 2398 φάσκουσιν
802 2313 939 2390 ἐξειπεῖν
959 2310 1098 2388 εύκόλως
1118 2311 1161 2399 μη
1184 2311 1360 2388 δύνασθαι,

218 2419 247 2480 ελ
267 2418 312 2505 μη’
332 2443 377 2495 τις
396 2422 444 2505 εἴη
467 2417 692 2506 ύπερδόκιμος,
724 2419 816 2506 η“ότε
842 2419 970 2501 τελευτᾷ
998 2421 1079 2506 πρδς
1110 2421 1144 2484 τδ
1172 2417 1229 2495 ούς
1249 2419 1361 2484 έλθιδν

217 2525 300 2607 λέγει
322 2526 340 2591 ὁ
361 2527 544 2603 ἐπίσκοπος.
600 2531 663 2592 Καί
693 2529 783 2592 τοῦτο
810 2526 847 2591 δέ
876 2527 1090 2614 πανούργημα
1122 2527 1206 2614 πρδς
1238 2528 1274 2592 τδ
1307 2525 1359 2591 αἐί

179 2642 208 2691 θλ
217 2636 417 2721 παραμένειν
438 2635 511 2710 τούς
530 2635 682 2721 μαθητάς
710 2639 753 2722 τῷ
782 2635 961 2723 ἐπισκόπῳ,
999 2634 1205 2719 γλιχομένους
1236 2638 1360 2719 μαθείν

216 2742 250 2805 τδ
268 2745 298 2806 τί
310 2764 386 2807 ποτε
399 2745 447 2829 εἴη
467 2747 558 2808 τοῦτο
575 2742 629 2808 ἐπ’
651 2742 793 2824 ἐσχάτων
814 2741 992 2826 λεγόμενον,
1016 2741 1059 2807 δι’
1072 2737 1112 2808 ού
1124 2743 1214 2830 [τάν]
1233 2742 1360 2807 τελείων

217 2849 303 2914 ἔσται
332 2847 571 2934 δμανθάνων·
603 2851 625 2914 ἅ
654 2850 765 2914 τούτου
794 2850 889 2937 χάριν
919 2850 1098 2936 ἐσιώπησα,
1134 2849 1180 2936 μή
1210 2853 1287 2914 ποτέ
1314 2871 1360 2924 τις

216 2956 471 3042 κακοηθίζεσθαί
492 2981 531 3041 με
553 2955 668 3034 αδτοδς
688 2961 817 3048 νυμίση,
848 2963 902 3022 καὶ
923 2958 987 3045 γάρ
1008 2956 1048 3022 ού
1069 2961 1159 3022 τοῦτο
1179 2956 1256 3043 ἡμίν
1277 2957 1359 3042 πρό-

216 3087 328 3140 κειται,
352 3062 424 3129 ἀλλ’
446 3068 467 3151 η·
486 3066 520 3130 τδ
544 3064 662 3142 δείξαι,
698 3064 780 3130 όθεν
806 3066 863 3142 τδς
892 3063 1045 3152 δφορμδς
1072 3065 1224 3148 λαβόντες
1252 3063 1359 3141 αύτοίς

193 3172 253 3234 ίτολ
277 3169 416 3248 δόξαντα
439 3171 652 3257 ἐνεστήσαντο.

303 3279 355 3342 42.
402 3284 465 3343 Καὶ
485 3279 547 3362 γάρ
564 3284 618 3342 καί
639 3279 830 3365 δμακάριος
851 3280 1057 3365 πρεσβύτερος
1078 3280 1250 3366 Ελρηνατος
1271 3301 1357 3366 παρ-

216 3389 412 3471 ρησιαίτερον
432 3389 476 3474 τῷ
497 3386 614 3475 ἐλέγχῳ
635 3391 860 3469 προσενεχθείς
887 3389 926 3453 τδ
959 3391 1090 3452 τοιαῦτα
1111 3388 1277 3471 λούσματα
1303 3393 1358 3452 καί

217 3491 450 3580 άπολυτρτύσεις
470 3493 619 3572 ἐξέθετο,
643 3492 909 3582 δδρομερέστερον
930 3495 1031 3560 ελπτδν
1049 3495 1292 3581 δι’πρόσσουσιν,
1312 3493 1359 3572 οές

193 3599 393 3683 τέντυχόντες
413 3605 493 3678 τινές
516 3599 622 3667 αδτάν
642 3603 810 3689 η’ρνηνλται
831 3602 930 3679 οὕτως
951 3603 1201 3690 παρειληφέναι,
1225 3601 1276 3667 δελ
1298 3601 1358 3688 δρ-

214 3712 345 3772 νείσθαι
366 3707 600 3793 μανθάνοντες.
643 3708 703 3773 Διδ
733 3714 863 3796 φροντίς
891 3709 969 3796 ἡμῖν
995 3714 1156 3796 γεγένηται
1179 3707 1358 3797 ἀκριβέστε-

214 3837 273 3902 ρον
294 3815 474 3903 ἐπιζητῆσαι
499 3821 555 3881 καί
583 3816 729 3904 άνευρείν
754 3817 964 3902 λεπτομερεῖς,
996 3817 1019 3880 δ
1045 3821 1101 3881 καί
1120 3817 1156 3882 ἐν
1177 3821 1222 3906 τῷ
1243 3817 1358 3905 πρότῳ

216 3922 337 4010 λουτρῷ
359 3923 596 4011 παραδιδόασι,
617 3927 652 3990 τά
668 3929 790 3990 τοιοῦτο
811 3924 993 4001 καλοῦντες,
1017 3929 1071 3988 καί
1092 3925 1129 3989 ἐν
1147 3928 1191 4012 τῷ
1212 3924 1357 4012 δευτέρη,

216 4029 474 4116 δάπολύτρωσιν
495 4029 658 4096 καλοῦσιν.
698 4029 786 4097 Ἀλλ’
806 4030 883 4097 οδδέ
904 4031 939 4096 τδ
962 4033 1099 4118 ἄρρητον
1118 4029 1224 4097 αὐτῶν
1236 4031 1359 4098 ἔλαθεν

177 4146 208 4201 1⁰
216 4136 309 4224 ἡμᾶς.
370 4139 481 4202 Ταῦτα
513 4137 550 4202 δέ
580 4139 831 4225 συγκεχωρήσθω
870 4137 1072 4227 Οὐαλεντίνφ
1105 4143 1160 4204 καί
1191 4143 1228 4230 τῇ
1259 4138 1360 4205 αύτού

287 4299 331 4353 76.
350 4292 421 4371 ποτὲ]
432 4296 552 4370 ποτδμέν
563 4295 593 4352 M
666 4298 710 4353 78.
730 4294 873 4358 Πολλδςῦ
963 4296 1008 4352 81.
1027 4297 1055 4350 τὸ
1072 4300 1181 4368 κυρίους
1199 4299 1269 4351 εἶναι
1281 4311 1357 4368 τωρ.

216 4389 360 4462 Roeperus
414 4389 460 4446 85.
475 4389 687 4462 ἀπολυτρώσεως,
696 4390 732 4452 ὡς
741 4388 900 4462 Βοεμοτιιει
913 4385 1190 4461 άτιολυτρόοεοςῦΜ
1248 4388 1293 4443 85.
1312 4387 1358 4444 86.

217 4480 294 4536 Fort.
306 4484 496 4552 βαπτισθέντος
508 4487 598 4538 πεσεῖν
611 4479 736 4538 πάλιν.Μ
782 4485 828 4540 86.
847 4481 894 4538 διὰ
904 4481 949 4536 τού
967 4480 1126 4554 Βοεμοτοει
1140 4481 1186 4535 καί
1200 4475 1361 4536 διάτούθδί
