2920 4982
378 338 660 399 fficartrmatto:
704 337 890 400 subflttttt..
1124 334 1188 400 509

19 505 115 590 lam,
140 506 172 570 in
196 523 287 589 guam
311 505 440 589 derepta
472 508 512 570 sit
534 513 564 570 et
594 505 739 570 translata
770 506 800 568 in
829 505 920 570 talem
947 511 1087 568 naturam
1121 524 1188 570 curo

20 614 147 696 spiritu
179 612 244 680 lux.
303 613 405 678 biania
439 620 540 678 auteur
577 633 645 678 cum
682 613 841 697 praeditae
882 613 941 676 sint
978 613 1128 676 tenebrae
1159 620 1188 676 et

24 728 252 806 cognoscant,
282 721 336 785 ubi
358 719 551 785 abstrahatur
573 721 648 803 ipsis
670 718 742 803 lux,
773 737 899 784 manere
921 717 1068 782 tenebras
1091 719 1227 786 deso-ao

25 830 134 913 latas,
159 829 228 894 sine
248 829 338 912 luce,
360 828 429 894 eine
452 821 633 912 splendore,
656 829 723 892 sine
746 827 791 909 vi,
817 828 885 890 sine
910 826 1068 904 efficacia,
1098 828 1191 892 debi-

25 937 98 1002 les:
139 936 215 1001 ideo
247 938 329 1002 omni
361 938 482 1001 ratione
518 945 549 1000 et
578 937 765 1019 cogitatione
804 936 939 999 nituntur
967 934 1128 999 continere
1159 936 1189 1000 in

27 1059 111 1108 scae
137 1043 335 1129 splendorem
366 1052 397 1108 et
423 1045 584 1109 scintillam
616 1044 692 1108 lucis
721 1062 789 1106 cum
817 1043 940 1126 spiritus
976 1041 1190 1108 odoramento.

29 1151 138 1216 Huius
179 1153 344 1236 imaginem
384 1152 465 1218 banc
502 1151 720 1231 introducunt,
755 1149 910 1214 dicentes:
953 1149 1041 1212 sicuti
1079 1149 1190 1234 pupilla

32 1258 123 1323 oculi
157 1258 214 1324 sub
244 1237 472 1324 subiacentibus
509 1261 597 1342 aquis
636 1256 802 1320 tenebrosa
843 1263 987 1341 apparet,
1026 1256 1229 1322 illustratores

32 1373 146 1430 autem
172 1367 296 1449 spiritu,
326 1367 367 1430 ita
392 1374 549 1431 sectantur
580 1367 729 1430 tenebrae
760 1365 913 1448 spiritum,
945 1363 1060 1428 babent
1091 1373 1190 1430 autem

32 1472 122 1556 apud
157 1490 192 1538 se
225 1490 335 1536 ornnes
364 1480 554 1557 potestates,
591 1491 671 1554 quac
702 1470 805 1536 volunt
835 1467 989 1536 recedere
1019 1480 1050 1537 et
1080 1473 1192 1538 redire.

34 1581 119 1644 Sunt
142 1585 245 1643 autem
268 1580 353 1661 ipsae
376 1580 518 1645 inlirritiea
542 1577 698 1665 infinitae,
729 1580 901 1662 exquibus
926 1579 1028 1644 omnia
1051 1579 1191 1662 liguran-

35 1693 89 1749 tur
115 1691 149 1750 et
172 1694 355 1769 nascuntur,
379 1703 446 1750 cunr
463 1687 559 1750 instar
573 1686 741 1771 sigillorum
760 1687 950 1770 contingant.
996 1685 1089 1750 Sicuti
1111 1688 1191 1750 enim

37 1793 177 1876 sigillum
202 1810 272 1856 cera
297 1799 470 1856 contactum
495 1791 629 1876 elligiem
660 1793 770 1878 allicit,
792 1793 890 1877 ipsum
920 1811 977 1873 per
1005 1812 1040 1857 se
1065 1811 1230 1864 manensno

40 1897 216 1982 quodquod
241 1899 311 1984 luit,
340 1901 380 1963 ita
404 1917 526 1983 quoquo
549 1906 720 1982 potestates
751 1902 939 1985 contagione
968 1917 1022 1962 sua
1055 1899 1192 1964 afficiunt

41 2008 149 2070 omnia
173 2024 289 2089 genera
314 2006 486 2070 animalium
508 2005 633 2070 infinita.
686 2004 763 2068 Nata
794 2005 888 2090 igitur
919 2024 989 2070 essa
1022 2024 1063 2068 ex
1093 2009 1190 2088 primo

41 2129 200 2178 concursu
224 2113 313 2178 trium
335 2112 553 2194 principiorum
578 2113 680 2198 magni
710 2112 801 2196 sigilli
833 2113 986 2194 speciem,
1017 2112 1136 2176 caelorn
1161 2118 1191 2176 et

40 2225 178 2306 terram,
200 2220 329 2286 lornram
353 2218 517 2286 habentem
541 2221 731 2284 consimilem
758 2227 846 2285 utero
871 2217 1044 2282 umbilicum
1068 2217 1191 2283 babenti

43 2327 189 2392 medium.
233 2330 277 2395 lta
298 2335 398 2394 autem
423 2334 453 2392 et
475 2328 610 2410 reliquas
634 2328 748 2414 ligures
774 2329 987 2392 universorum
1013 2324 1230 2409 elliguratasaa

43 2451 118 2498 esse
140 2434 231 2499 sicuti
255 2434 372 2500 caelum
397 2445 428 2500 et
450 2445 562 2502 terram
586 2445 674 2500 utero
699 2435 886 2499 consimiles.
931 2432 978 2496 Ex
996 2452 1075 2516 aque
1089 2442 1191 2499 autem

44 2549 149 2604 natum
173 2559 244 2605 esse
265 2541 481 2629 primigenium
510 2544 702 2628 principium,
735 2548 856 2605 ventum
888 2557 1014 2622 grauem
1038 2548 1069 2603 et
1091 2541 1192 2606 rebe·
1269 2529 1274 2544 ⁹

46 2653 179 2710 mentem
211 2653 243 2710 et
273 2653 373 2714 omnia
400 2653 612 2736 generationis
643 2653 818 2731 auctorem,
853 2646 1008 2711 fervorem
1038 2649 1191 2730 quendam

48 2759 79 2816 et
101 2759 214 2816 motum
239 2753 423 2822 efficientem
446 2757 560 2823 mundo
585 2776 624 2820 ex
647 2773 794 2838 aquarum
824 2759 918 2816 motu.
972 2754 1059 2818 Hunc
1091 2763 1191 2820 autem

49 2859 198 2940 perficere
228 2907 299 2928 ...
313 2911 331 2942 ,
357 2911 364 2928 .
394 2864 484 2929 sibilo
514 2863 667 2945 serpentis
698 2857 887 2923 consimilem
919 2862 1006 2945 alati,
1037 2863 1068 2924 in
1101 2871 1231 2945 quemat

50 2967 219 3050 suspiciens
241 2969 371 3034 mundus
395 2971 434 3035 ad
456 2971 692 3057 generationem
714 2969 776 3031 ruit
797 2969 936 3032 intensus
966 2969 1053 3033 sicuti
1078 2977 1193 3057 uterus,

52 3080 82 3136 et
105 3074 173 3138 hinc
203 3077 312 3141 volunt
346 3097 486 3144 manasse
515 3081 728 3142 universorum
761 3078 921 3162 originem.
973 3075 1062 3140 Hunc
1092 3087 1192 3140 autern

52 3199 120 3246 esse
148 3183 285 3265 spiritum
320 3187 405 3251 venti
445 3186 550 3251 dicunt
582 3183 753 3272 pericolum
796 3183 888 3246 deum
919 3201 958 3247 ex
987 3202 1134 3266 aquarum
1162 3191 1193 3247 et

52 3290 169 3371 spiritus
207 3290 411 3356 odoramento
442 3298 473 3356 et
502 3294 578 3358 lucis
607 3290 774 3372 splendore
803 3299 906 3356 natum
942 3309 1030 3373 esse,
1061 3301 1092 3354 et
1120 3309 1193 3354 esse

54 3412 236 3477 generamen
267 3395 410 3460 ienrellae
440 3403 587 3476 mentem3
619 3417 754 3481 superne
786 3397 1001 3462 devenientem
1032 3399 1230 3470 scintillamaa

55 3499 128 3564 inira
151 3503 329 3583 permixtam
363 3521 430 3567 cum
462 3503 682 3584 appendicibus
713 3509 853 3590 corporis
877 3507 931 3569 niti
959 3505 1117 3590 elingere,
1141 3505 1193 3570 el-

56 3687 244 3763 ᾰνεμόφθυρυν
270 3686 308 3754 G;
336 3689 372 3744 ci.
401 3707 485 3764 supra
510 3709 538 3764 p.
557 3695 626 3758 cot,
644 3693 681 3748 28
834 3691 929 3769 cinca]
954 3693 1068 3768 ἀγγεῖον
1092 3691 1129 3761 03
1155 3695 1192 3754 cl.

57 3797 132 3852 sopra
150 3779 169 3836 l.
184 3781 202 3836 l.
329 3783 373 3839 81.
392 3786 515 3840 ἐπιπλεῖν
534 3787 607 3848 eldea
623 3788 778 3860 αυρέγμαπ]
802 3787 846 3842 lni
865 3790 961 3842 κέέυυυν
985 3790 1057 3850 sidae
1080 3790 1196 3864 σύρμακυ

59 3869 217 3945 beruapaiua
395 3875 441 3932 82.
467 3876 668 3948 παραπλήσιον,
693 3881 785 3950 φέρων
810 3877 875 3934 ὅθεν
892 3873 924 3946 ἦν
943 3879 958 3933 ri
980 3882 1087 3955 φορῶν]
1105 3901 1194 3952 παρα-

58 3965 169 4032 πλήσιον,
188 3966 281 4037 φέρων
299 3961 364 4020 ὅθεν
386 3961 432 4033 ἦν,
457 3965 586 4041 dpopoiv
609 3969 772 4042 lloeperua:
797 3971 983 4043 cooperatricem
1000 3975 1193 4049 μορφωθῆναι,

60 4053 73 4110 d
88 4057 194 4130 ἀφορῶν
211 4054 395 4130 Bernapaiua:
415 4060 602 4130 παραπλήσιον
620 4065 764 4134 nrrpcrrcri,
782 4066 809 4126 ἐς
828 4061 859 4118 ὃν
877 4064 1011 4136 daupeinai
1146 4067 1192 4122 ut.

59 4149 162 4222 ἀνέμου]
183 4150 286 4222 ἄνεμον
306 4146 369 4203 ctt
389 4147 555 4222 Bernapaiua
663 4155 709 4210 86.
728 4153 879 4232 γεγονέναι]
898 4156 1027 4230 γεγυνόκα
1047 4155 1193 4226 lloeperua

60 4243 178 4315 γέννημα]
196 4238 336 4315 γένημαῦ
419 4241 465 4296 87.
485 4239 560 4318 ναῦν]
580 4245 645 4298 νοῦν
663 4247 691 4300 dl
711 4245 855 4322 Roapcroa
958 4247 1004 4304 88.
1023 4255 1193 4321 napaooyapi-

60 4354 106 4396 τυυς
130 4333 293 4407 Beruayaiua
327 4341 354 4388 et
378 4331 537 4404 Roeperusr
572 4337 634 4409 napi
665 4345 812 4412 συνκρέυους
836 4338 873 4397 Ca
902 4341 964 4418 napi
990 4345 1139 4412 συγκρέυυυς
1163 4341 1191 4398 bi

62 4425 180 4506 σώματος]
198 4429 243 4482 rori
266 4427 389 4500 σώματος
412 4425 556 4498 Roaparua
653 4434 793 4507 ἐκφεύγειν
814 4431 989 4505 llrrnayaiuar
1013 4434 1059 4488 aot
1082 4435 1194 4507 φεύγειν

63 4515 82 4574 C
101 4516 125 4574 Μ
229 4519 390 4594 ἐκφυγόνια]
408 4521 455 4574 καὶ
472 4520 621 4594 ἐκφυγόντα
636 4519 815 4596 Bernayaiua:
834 4525 984 4598 ἐκφυγόντα
1002 4525 1031 4580 δι’
1049 4523 1192 4599 Rocpcrua
