3006 4976
632 293 760 364 uului.
1206 295 1268 367 105

121 469 218 534 hehet
235 471 398 534 rationem.
444 470 599 553 collusor,
622 489 712 552 quem
732 469 869 534 dicebam
889 467 1114 550 absconditum,
1137 467 1189 530 ubi
1208 485 1269 530 ex-

122 575 242 640 audivit
264 575 502 638 incantationem
519 575 631 640 linitam
651 595 734 660 esse,
757 584 866 638 tenens
885 573 1006 637 miluum
1024 580 1076 638 aut
1093 574 1268 654 accipitrem

124 681 380 744 circumvolutum
403 686 492 761 stupa
515 681 653 743 incendit
675 689 706 744 ct
726 680 854 744 relaxat.
910 679 964 742 llle
986 687 1086 743 autem
1110 679 1268 761 perculsus
1277 687 1307 736 aa

125 787 247 850 flamm
270 785 406 849 sublimis
429 786 532 849 avolat
554 793 585 850 ot
607 787 811 851 incitatiorem
833 786 968 848 volatum
988 785 1076 867 lacit,
1103 802 1164 865 quo
1188 803 1269 847 con-

126 897 237 972 specto
266 892 382 974 insani,
413 898 559 971 tanquam
589 894 695 955 nescio
723 891 795 972 quid
824 891 1168 973 divinispectavarint,
1199 909 1269 952 sese

127 997 333 1060 abscondunt.
388 995 463 1060 Auis
493 1005 594 1064 autem
624 1001 839 1061 circumrotata
869 997 1056 1078 perignem
1085 1013 1269 1076 quacunque

126 1105 259 1184 contigit
282 1101 435 1186 defertur,
459 1110 491 1166 et
512 1104 605 1168 modo
626 1105 736 1168 domos
757 1101 892 1166 incendit
914 1100 1007 1166 modo
1029 1109 1144 1167 cortes.
1188 1101 1269 1163 Talis

127 1216 177 1271 est
200 1208 348 1272 divinatio
373 1225 541 1288 magorum.
1278 1216 1308 1288 ⁷⁰.

217 1313 270 1377 37.
312 1315 427 1390 Lunam
453 1324 552 1378 autem
582 1318 612 1380 in
640 1317 775 1381 lacunari
805 1333 956 1398 apparere
978 1312 1094 1376 iaciunt
1116 1318 1147 1374 et
1168 1312 1271 1376 stellas

130 1397 162 1482 in
188 1419 270 1482 lrunc
294 1418 427 1482 modurn.
471 1419 504 1482 ln
528 1420 630 1486 medio
653 1423 789 1485 lacunari
811 1422 936 1506 alligato
958 1419 1100 1502 speculo,
1122 1421 1221 1500 posita
1240 1419 1271 1480 in

131 1523 235 1588 medlo
267 1523 335 1587 solo
367 1524 523 1589 conclavis
551 1527 633 1606 pelvi
663 1545 764 1608 aquae
794 1528 883 1606 plena
914 1543 932 1588 e
963 1527 1108 1607 regione,
1144 1524 1271 1588 lucerna

131 1636 234 1694 autem
259 1629 358 1693 media
383 1630 544 1696 obscurius
569 1632 692 1696 lucente
722 1632 811 1695 altius
838 1631 918 1713 pelvi
943 1630 1123 1710 constituta,
1151 1630 1193 1692 ita
1215 1646 1272 1708 par

130 1735 335 1799 reflexionem
365 1734 459 1799 elficit
488 1745 521 1800 ut
550 1737 622 1801 luna
650 1737 754 1802 luceat
783 1754 839 1817 per
865 1735 1034 1818 speculum.
1092 1733 1154 1798 Sed
1182 1735 1310 1794 etiamne

132 1849 308 1924 tympanum
331 1859 427 1922 saepe
451 1841 491 1906 da
517 1843 654 1906 lacunari
684 1841 814 1906 sublima
836 1840 1033 1923 suspenditur
1055 1838 1272 1903 circumdatum

132 1947 318 2010 uestimento
339 1946 454 2028 aliquo,
476 1947 605 2010 celatum
628 1966 685 2028 per
702 1947 897 2030 collusorem,
920 1964 961 2010 ne
980 1953 1052 2010 ante
1073 1952 1193 2026 tempus
1213 1961 1273 2026 ap-

133 2061 260 2134 pareat,
282 2051 398 2114 lumine
421 2071 503 2133 ponc
525 2055 643 2134 posito:
670 2053 722 2116 ubi
745 2060 847 2116 autem
868 2054 990 2136 signum
1012 2053 1096 2116 dedit
1117 2051 1273 2135 collusori,

132 2158 158 2218 'aa
189 2162 305 2218 tanturn
334 2156 485 2219 involucri
514 2156 631 2239 aufert,
662 2163 806 2237 quantum
834 2156 876 2219 illi
903 2157 1111 2220 necessarium
1136 2155 1174 2218 ad
1200 2153 1273 2218 elli-

133 2259 276 2324 eicndam
304 2261 482 2344 imaginem,
514 2261 612 2341 qualis
642 2279 699 2342 per
726 2262 797 2324 illud
828 2269 946 2343 tempus
973 2261 1069 2342 figura
1097 2261 1189 2324 lunae
1215 2269 1310 2326 estat

133 2367 259 2448 inungit
286 2372 386 2428 autam
415 2365 612 2446 perlucentes
640 2375 744 2448 partes
772 2369 906 2450 tympani
928 2367 1085 2431 cinnabari
1107 2373 1139 2428 et
1160 2367 1274 2448 narmi

133 2519 239 2537 ....
267 2470 407 2552 lapideae
435 2471 566 2552 lagenae
592 2473 730 2536 abscisso
763 2473 844 2538 collo
872 2479 964 2553 atque
987 2472 1099 2554 lando,
1134 2475 1274 2536 inserens

131 2580 234 2642 lumen
259 2585 291 2640 ct
313 2576 542 2657 circumplicans
565 2578 678 2658 aliquid
697 2597 803 2644 aarum
821 2597 940 2662 rerum,
962 2597 1041 2660 quae
1056 2585 1126 2642 sunt
1140 2578 1274 2643 idoneae

132 2685 171 2747 ad
194 2683 352 2764 pelluccre
375 2682 549 2746 laciendum
571 2683 702 2767 ligrrras,
730 2686 864 2765 quaein
887 2684 1008 2748 sublimi
1029 2685 1067 2746 ab
1091 2684 1192 2765 aliquo
1215 2702 1273 2747 ca-

131 2791 236 2854 lantur
258 2788 453 2868 collusorum,
474 2796 636 2870 postquam
655 2790 775 2870 accepit
789 2791 919 2871 signum.
943 2807 983 2852 ex
999 2788 1120 2854 sublimi
1136 2789 1310 2854 defunditaa

133 2894 308 2977 machinas,
337 2903 370 2958 ut
392 2894 530 2958 videatur
552 2913 594 2958 ax
615 2895 703 2959 caclo
725 2895 919 2959 descendere
941 2895 1022 2960 luna.
1065 2894 1147 2960 Idem
1172 2902 1271 2958 autem

133 3001 224 3066 ctiam
249 3018 305 3080 per
326 3000 416 3064 ollam
439 3000 470 3063 irt
493 3018 551 3081 per
572 3000 724 3066 silvestria
745 3002 825 3066 loca.
870 3002 928 3064 Per
950 3000 1040 3065 ollam
1062 3009 1162 3063 autem
1183 3001 1272 3066 ettam

131 3123 215 3186 quac
242 3107 274 3167 in
303 3104 432 3170 aedibus
455 3104 532 3168 fiunt
557 3105 711 3170 luduntur.
762 3108 847 3170 Pone
874 3124 956 3168 aram
984 3105 1064 3169 enim
1088 3113 1274 3174 exstructam

132 3212 234 3293 posita
258 3217 306 3274 est
332 3210 392 3274 olla
418 3217 528 3276 tenena
551 3211 653 3276 lumen
678 3211 822 3294 flagrans.
876 3211 951 3275 Cum
977 3217 1075 3275 autem
1104 3213 1191 3292 plura
1214 3213 1274 3274 sint

131 3317 260 3398 lumina,
281 3316 395 3380 nullum
412 3317 472 3380 tale
491 3316 672 3401 ostenditur.
714 3317 878 3398 Postquam
893 3318 986 3399 igitur
999 3317 1152 3380 invocavit
1165 3335 1311 3398 magusap

130 3424 252 3504 lunam,
282 3423 384 3486 omnia
411 3423 498 3487 iubet
526 3421 639 3489 lumina
665 3423 836 3505 exstingui,
867 3439 961 3496 unum
984 3430 1086 3485 autem
1109 3421 1272 3485 obscurum

129 3527 278 3612 relinqui,
313 3535 345 3590 et
366 3531 429 3590 tum
455 3527 625 3590 reflectitur
646 3528 700 3592 lux
726 3546 766 3590 ex
793 3527 854 3592 olla
881 3543 990 3590 versus
1017 3527 1161 3611 lacunar,
1193 3545 1274 3609 quae
1346 3589 1350 3596 ,

131 3632 230 3696 relert
249 3633 413 3715 imaginem
432 3632 524 3696 lunae
542 3633 580 3696 iis
599 3635 651 3714 qui
670 3640 776 3698 assum
782 3683 791 3717 ‚
814 3632 977 3697 recondito
997 3651 1053 3696 ore
1071 3633 1167 3717 ollae,
1191 3651 1272 3715 qua-‚

129 3743 221 3801 team
252 3743 372 3818 tempus
401 3738 564 3819 requirere
594 3739 729 3821 uidetur,
762 3745 796 3802 ut
820 3737 913 3802 lunae
943 3737 1049 3803 similis
1076 3739 1108 3802 in
1134 3738 1272 3805 lacunari

131 3850 280 3926 appareat
303 3842 434 3924 species.
1278 3848 1308 3900 au

130 4060 246 4132 mapygi
263 4059 333 4132 αὐτῷ
350 4061 418 4133 πρὸς
433 4065 544 4135 μίμημα
563 4064 644 4134 [olor]
662 4065 727 4119 κατὰ
744 4081 820 4135 susp.
839 4063 869 4120 Μ
965 4065 1008 4118 91.
1028 4065 1207 4134 διαφαὸροντα
1226 4062 1247 4118 G

130 4157 248 4220 κιναβαρ
264 4152 311 4204 καὶ
327 4149 433 4223 adpeti
521 4153 594 4207 Ante
611 4155 657 4208 aci
673 4155 716 4221 τῆς
732 4155 857 4209 lacunam
875 4152 1053 4208 indicarimus
1156 4153 1200 4204 99.
1219 4155 1273 4204 tra-

128 4241 286 4313 μολογικίς]
304 4245 340 4296 ἔτι
356 4242 499 4314 ὁλοκλήρου
519 4244 591 4298 coni.
609 4243 654 4299 M:
673 4246 779 4318 cnlpae
796 4247 892 4301 ὄπισθο
910 4260 985 4316 aurp.
995 4243 1029 4298 lt.
1041 4241 1152 4297 Scottus
1225 4242 1270 4293 94.

128 4330 250 4401 σήματα
268 4327 287 4386 ἃ
303 4331 344 4402 lp’
367 4334 412 4402 ὕψ.
432 4367 467 4379 -
485 4338 603 4390 mbram
620 4352 696 4407 susp.
713 4336 744 4392 Μ
859 4341 903 4392 96.
922 4329 944 4407 pl
961 4335 1062 4392 mlum
1080 4329 1102 4386 G
1242 4330 1270 4386 4.

129 4425 256 4496 περδχειν
277 4420 298 4477 C
413 4428 439 4480 5.
459 4428 523 4496 mic]
541 4429 588 4484 ani
604 4432 658 4488 τοῖς
676 4424 699 4481 C
1173 4457 1175 4464 v
