3052 4984
433 343 441 358 ·
485 320 734 380 MONTthSl'AR.
767 319 994 382 Encotrtthtt.
1287 319 1349 385 43⁷

285 485 332 548 19.
379 487 435 548 hlii
465 495 566 550 autem
599 491 630 547 et
659 487 716 567 ipsi
749 496 856 551 natura
887 489 985 571 magia
1020 487 1185 572 haeretici,
1221 500 1379 573 generem

194 593 348 678 Phryges,
386 595 606 676 praeoccupati
647 612 665 655 a
701 593 886 658 mulierculis
926 595 1047 676 decepti
1080 605 1170 681 aunt,
1205 597 1340 662 Priscilla

195 699 325 781 quadam
359 705 390 762 et
420 699 583 766 Maximilla
618 702 749 784 voeatis,
780 719 858 782 quas
887 702 1097 784 prophetissas
1127 692 1199 767 essa
1225 710 1340 788 putant,

194 807 332 872 dieentes
354 808 385 871 in
408 825 463 870 eas
486 809 620 872 cessisse
643 808 831 890 paracletum
854 811 1007 891 spiritum3
1035 817 1067 873 et
1095 810 1248 893 quendam
1271 820 1340 876 anta

193 917 277 996 ipsas
309 915 488 978 Montanum
523 915 614 978 simili
650 914 743 978 rnodo
775 915 933 980 celebrant
969 924 1114 998 tanquam
1149 916 1340 1000 prophetant,

192 1039 322 1104 quorum
343 1022 439 1086 libros
461 1021 596 1086 infinitos
618 1021 767 1086 habentes
791 1021 951 1106 aberrant,
981 1041 1050 1087 cum
1072 1043 1175 1107 neque
1197 1043 1278 1106 quae
1301 1025 1338 1090 ab
1348 1041 1377 1090 oo

191 1128 229 1192 iis
252 1127 333 1194 dicta
364 1135 435 1192 sunt
467 1130 588 1192 ratione
620 1127 774 1214 indicent,
811 1147 914 1214 neque
944 1132 981 1195 nd
1012 1148 1088 1215 eos,
1120 1133 1172 1214 qui
1201 1132 1339 1198 iudicare

192 1242 338 1320 possum,
360 1253 432 1300 sese
454 1235 625 1319 applicent,
657 1234 713 1298 sed
736 1236 804 1300 sine
825 1238 940 1302 iudicio
971 1237 1081 1302 fiducia
1110 1241 1141 1302 in
1169 1239 1206 1303 iis
1237 1240 1340 1303 collo·

192 1351 260 1407 cata
284 1342 488 1428 adducantur,
514 1342 600 1423 plura
623 1342 773 1424 quaedam
804 1361 860 1425 per
888 1363 943 1408 eos
976 1345 1112 1410 dicentes
1133 1356 1233 1412 semet
1254 1346 1340 1412 didi-

191 1452 273 1514 cisse
295 1467 385 1533 quam
417 1469 457 1512 ex
489 1449 560 1532 lage
591 1455 622 1511 et
651 1447 809 1530 prophetis
834 1453 1076 1536 evangeliisque.
1129 1455 1225 1536 Supra
1258 1471 1338 1536 apc-

191 1559 288 1623 stolos
320 1565 421 1622 autem
452 1563 483 1620 at
512 1556 720 1639 quodcunque
752 1557 899 1622 charisma
931 1559 1025 1623 hasce
1055 1559 1248 1622 mulierculas
1277 1577 1375 1631 ax-as

190 1666 317 1741 tollunt,
349 1667 388 1728 ita
422 1672 454 1728 ut
490 1662 612 1744 quidam
644 1681 753 1726 eorum
791 1664 924 1728 audeant
960 1668 1057 1730 maius
1088 1665 1212 1749 aliquod
1246 1683 1336 1746 quam

191 1772 343 1836 Christum
366 1773 471 1835 dicere
499 1771 530 1833 in
559 1772 603 1834 eis
633 1771 782 1834 extitisse.
835 1771 870 1834 lli
902 1773 1026 1854 quidam
1055 1781 1171 1855 patrem
1199 1773 1337 1838 universi

191 1881 281 1945 deum
311 1880 508 1962 omniumque
537 1897 640 1942 rerum
671 1886 843 1943 creatorem
876 1881 1075 1946 consimiliter
1107 1889 1200 1964 atque
1231 1881 1338 1945 eccle-

191 1989 235 2054 sia
258 1987 444 2052 cantitentur
470 1994 501 2050 et
531 2003 736 2069 quaeeunque
759 1986 952 2069 evangelium
983 1988 1021 2050 de
1051 1987 1171 2052 Christo
1200 1994 1339 2070 testatur,

191 2101 307 2159 norant
329 2100 430 2158 autam
459 2093 573 2158 ieiunia
604 2100 634 2158 et
661 2092 741 2158 lesta
775 2099 805 2154 et
831 2094 1038 2178 xerophagias
1063 2101 1094 2158 et
1120 2093 1375 2178 raptorapto-m

189 2203 271 2284 pias,
294 2199 468 2266 dictitantes
490 2220 507 2265 a
529 2201 715 2265 mulierculis
737 2185 835 2265 seme't
858 2199 967 2264 doctos
980 2217 1060 2265 esse.
1091 2202 1219 2277 Quidam
1235 2209 1335 2266 autem

191 2327 298 2373 eorum
328 2307 550 2374 Nobtianoruur
586 2305 708 2372 haeresi
747 2309 951 2374 assentientes
984 2314 1101 2389 patrem
1136 2308 1233 2389 ipsum
1266 2325 1336 2370 asse

191 2415 283 2479 hlium
307 2417 413 2499 aiunt,
445 2423 476 2478 et
499 2414 580 2477 hunc
615 2416 848 2497 generationem
883 2422 913 2480 et
943 2417 1117 2498 passionem
1149 2419 1180 2476 et
1207 2422 1334 2476 mortem

190 2521 332 2585 subiisse.
378 2521 425 2584 Da
455 2520 503 2584 his
525 2519 639 2582 deinde
667 2519 807 2584 subtilius
839 2540 1009 2603 exponam,
1038 2520 1136 2583 multis
1155 2521 1243 2580 enim
1266 2537 1337 2580 ma-

189 2626 287 2689 lorum
311 2642 404 2689 eausa
427 2628 525 2691 extitit
548 2626 657 2690 horam
676 2626 824 2690 haeresis.
869 2625 983 2689 Idonea
1007 2626 1101 2710 igitur
1124 2630 1155 2686 et
1178 2641 1232 2707 ea,
1255 2641 1374 2704 quaero

191 2732 231 2796 de
256 2731 303 2797 his
327 2730 516 2814 dictasunt,
547 2751 723 2818 censemus,
751 2737 911 2815 postquam
941 2751 996 2813 per
1025 2749 1123 2813 pauca
1151 2730 1262 2794 multos
1284 2732 1336 2792 in-

191 2847 280 2921 eptos
315 2857 423 2902 eorum
456 2849 487 2904 et
520 2840 615 2903 libros
650 2847 681 2903 et
711 2847 840 2903 conatus
876 2839 1017 2902 omnibus
1053 2837 1337 2919 demonstravimus,

190 2952 296 3030 utpote
325 2945 461 3010 infirmos
492 2947 639 3029 nulloque
667 2947 766 3011 verbo
795 2947 919 3031 dignos,
952 2946 1061 3028 quibus
1091 2965 1152 3010 non
1183 2963 1254 3009 sese
1276 2963 1335 3027 ap-

189 3055 306 3138 plicare
332 3060 457 3136 oportet
479 3071 545 3137 eos,
568 3056 620 3136 qui
645 3071 719 3118 sana
743 3060 846 3117 mente
869 3052 996 3135 praediti
1019 3058 1098 3116 sunt.

274 3161 326 3226 20.
371 3162 431 3224 Alii
454 3167 555 3222 autem
579 3166 678 3222 semet
700 3161 890 3242 appellantes
912 3161 1084 3224 Eneratitas
1107 3177 1162 3243 ea,
1193 3175 1273 3242 quaa
1296 3159 1374 3220 ariao

189 3271 280 3334 deum
318 3275 349 3332 et
382 3267 532 3331 Christum
569 3270 743 3350 pertinent,
778 3267 917 3332 similiter
950 3275 1043 3351 atqua
1078 3267 1169 3330 etiam
1200 3265 1333 3328 ecclesia

189 3377 393 3457 cantitentur,
424 3377 525 3456 quoad
548 3376 629 3437 vitae
652 3375 870 3437 institutionem
903 3383 1005 3437 autem
1038 3374 1133 3437 inllati
1163 3381 1334 3454 versantur,

190 3503 259 3548 cum
287 3483 471 3548 arbitrantes
508 3499 579 3546 sese
609 3499 666 3564 per
699 3481 785 3545 cibos
825 3481 953 3565 gloriari
984 3481 1154 3546 abstineant
1185 3481 1335 3546 animatis,

190 3611 297 3673 aquam
321 3597 429 3672 potent
460 3597 490 3653 et
523 3588 643 3651 nubere
666 3587 848 3670 prohibeant
877 3597 909 3652 et
934 3588 1072 3671 reliquae
1102 3589 1183 3652 vitae
1211 3589 1335 3670 perari-

189 3698 247 3761 dae
276 3697 435 3778 studeant,
472 3695 579 3777 Cynici
616 3695 669 3775 qui
699 3696 800 3776 potius
834 3715 924 3778 quam
961 3695 1122 3759 Christiani
1152 3695 1371 3778 iudicantur·,at

188 3822 251 3868 non
279 3802 475 3868 attendentes
502 3801 540 3865 ad
567 3819 625 3880 aa,
660 3820 741 3884 quaa
772 3820 828 3883 par
857 3803 979 3866 Paulum
1012 3802 1182 3883 apostolum
1214 3802 1246 3863 in
1277 3817 1333 3864 eos

189 3912 345 3994 praedicta
369 3917 457 3993 sunt,
481 3910 533 3992 qui
556 3909 740 3992 praedicens
765 3928 818 3995 ea,
851 3929 931 3992 quae
956 3909 1067 3974 lrurtra
1090 3908 1211 3990 quidam
1234 3925 1334 3970 nova-

187 4021 247 4084 tori
278 4026 398 4102 essent,
435 4017 512 4082 dixit
541 4019 572 4081 in
600 4017 681 4080 hunc
712 4017 849 4080 modum:
884 4017 1020 4100 Spiritus
1047 4026 1149 4080 autem
1172 4013 1334 4093 manifeste

188 4127 278 4189 dicit:
307 4126 344 4188 la
372 4125 547 4189 mumma
577 4123 763 4206 temporibus
791 4126 948 4188 discedent
980 4126 1103 4208 paidom
1126 4141 1147 4184 o
1168 4141 1247 4184 sorra
1272 4122 1331 4184 do-

187 4235 290 4297 ctrina
312 4233 504 4296 attestantes
525 4231 687 4313 spiritibus
709 4233 825 4297 erroris
858 4241 888 4296 et
917 4233 1068 4296 doctrinis
1090 4230 1370 4305 daemomonem

187 4405 232 4460 97.
249 4403 329 4476 λέγει]
347 4403 426 4475 λέγοι,
446 4400 484 4456 dm
502 4398 604 4455 Pactus
622 4400 642 4454 l.
660 4400 680 4456 Ι.
826 4401 870 4458 98.
890 4403 934 4458 99.
958 4397 1129 4473 ιἰγιαινοῠσης
1146 4397 1331 4467 διδασκαλίας]

185 4499 296 4559 mor
313 4493 416 4550 Paulus
434 4493 453 4550 l.
474 4495 507 4550 Ι.ι
525 4495 568 4562 τῆς
584 4493 679 4568 o‘yrutir
694 4497 806 4556 αι’σπως
822 4493 896 4565 apud
915 4491 1074 4564 Origeaeru.
