3052 4984
686 325 856 386 uocatae.
1260 314 1324 378 419

185 507 266 570 quae
289 507 380 572 supra
403 499 474 555 sunt
489 493 638 572 pervariis
652 491 825 575 speciebus,
849 491 1008 554 concrevit
1022 494 1053 550 ει
1067 487 1186 569 accepit
1203 485 1326 567 species

186 614 335 678 supernas
358 617 504 662 omnesa
535 601 624 663 tertio
655 616 775 681 aeone,
808 599 859 680 qut'.
890 605 989 662 semet
1022 595 1119 677 ipsum
1156 593 1327 676 triplicavit.

185 704 274 768 Acon
299 712 399 770 autem
424 707 472 772 hie
495 706 603 772 tertius
636 726 703 770 cum
732 713 821 770 notas
850 724 923 770 suas
956 704 1073 767 videret
1101 703 1261 765 universas
1283 702 1330 763 si-

186 812 246 876 mul
277 813 307 876 in
340 815 536 880 subiacentes
571 815 649 878 inlra
689 815 833 878 tenebras
865 819 1043 897 susceptas,
1075 829 1206 892 cumque
1235 817 1329 890 potc-

185 925 295 984 statem
318 922 514 986 tenebrarum
538 940 600 984 non
631 923 791 1006 ignoraret
820 930 850 987 ει
881 920 1103 1002 simplicitatem
1136 918 1213 982 lucis
1242 916 1369 979 simulat

186 1033 217 1090 ct
235 1027 467 1114 liberalitatem,
497 1049 559 1095 non
581 1049 690 1112 passus
721 1037 768 1094 εει
798 1030 849 1093 diu
879 1029 995 1092 lucidas
1030 1035 1120 1093 notas
1149 1027 1282 1107 desuper
1313 1043 1329 1088 u

186 1135 321 1199 tenebris
346 1137 491 1202 deorsum
513 1138 624 1220 deripi;
647 1144 677 1200 at
699 1138 779 1201 enim
800 1137 967 1202 substruxit
986 1136 1136 1200 aeonibus
1152 1135 1330 1197 firmamen-

186 1250 248 1306 tum
271 1245 359 1311 caeli.
411 1247 571 1328 Postquam
601 1246 695 1330 igitur
722 1247 852 1310 firmavit
880 1246 1015 1324 interne,
1052 1253 1082 1307 ει
1110 1245 1216 1306 diuisit
1243 1251 1330 1304 tene-

185 1349 259 1413 bras
282 1371 302 1414 ο
323 1354 390 1416 luce
413 1355 639 1438 appellauitque
661 1355 758 1416 lucem
780 1355 877 1431 diem,
909 1373 987 1436 quae
1010 1360 1078 1414 ετοι
1099 1371 1192 1432 snper
1220 1351 1330 1430 firmo-

185 1469 336 1539 mentnm,
372 1470 402 1524 ct
442 1462 584 1526 tenebras
625 1464 795 1544 appellauit
837 1471 962 1524 noctem.
1031 1460 1187 1522 Universis
1226 1458 1350 1541 igitur‚t

186 1573 220 1628 nt
254 1568 330 1652 dini,
371 1568 494 1632 inlinitis
536 1572 616 1634 tertii
661 1570 770 1634 aconis
806 1569 885 1632 ideis
926 1566 1127 1650 deprebensis
1160 1569 1189 1629 in
1223 1566 1331 1628 infimis

186 1673 231 1737 his
270 1675 425 1760 tenebris,
460 1679 549 1740 etiam
584 1677 678 1760 ipsius
713 1677 841 1742 huiusce
876 1678 981 1740 aeonis
1014 1696 1081 1739 cum
1116 1674 1240 1756 reliquis
1271 1693 1331 1737 ex-

186 1797 292 1861 pressa
324 1787 370 1844 est
394 1782 512 1866 imago,
542 1784 622 1866 ignis
653 1785 740 1846 vinus
775 1803 791 1846 a
824 1781 894 1846 luce
918 1783 1056 1866 genitus,
1090 1781 1172 1845 unde
1201 1797 1331 1864 magnus

185 1887 300 1952 archon
325 1891 440 1972 extitit,
474 1889 513 1954 de
543 1909 606 1972 quo
637 1891 742 1954 Moses
769 1892 824 1955 ait:
860 1891 896 1954 In
921 1891 1079 1972 principio
1109 1890 1227 1952 ereooa't
1256 1890 1352 1951 denso

186 1998 302 2059 caelum
329 2005 360 2060 et
389 2007 513 2060 terrum.
568 1998 655 2060 Hunc
690 1998 763 2062 dicit
794 1997 898 2062 lloses
934 1999 1058 2082 igneum
1088 1995 1196 2080 deum,
1230 1997 1282 2077 qui
1312 2014 1330 2058 e

184 2104 262 2168 rubo
287 2100 364 2190 [dud
386 2107 442 2168 τοῦ
462 2101 571 2186 βάτου)
595 2105 716 2170 locutus
739 2107 796 2189 sit,
829 2104 889 2168 boo
918 2114 965 2170 est
993 2124 1011 2168 e
1034 2105 1232 2168 tenebricoso
1257 2113 1330 2168 abre

185 2205 289 2289 (βάτος
311 2211 391 2273 enim
415 2217 462 2273 est
484 2211 647 2274 universus
677 2218 732 2274 abr
761 2210 899 2274 tenebris
927 2209 1114 2294 subiacens),
1148 2206 1249 2290 βοὲτον
1271 2229 1331 2273 eu-

186 2321 265 2398 tem,
289 2316 402 2398 inquit,
427 2316 501 2380 dixit
523 2317 645 2402 bloses,
681 2319 750 2399 quia
783 2317 917 2400 desuper
947 2318 1092 2382 deorsum
1122 2335 1227 2380 omncs
1255 2334 1331 2398 per-

185 2425 372 2488 transierunt
392 2423 469 2488 lucis
498 2427 638 2510 speeies,
671 2426 780 2506 quibus
812 2434 866 2489 adr
889 2423 1083 2507 permeabilis
1117 2421 1244 2506 (βατός)
1274 2429 1368 2488 cotto

184 2530 254 2592 Non
277 2538 376 2594 autem
401 2534 498 2596 minus
522 2534 610 2595 etiam
642 2531 730 2595 nobis
761 2531 887 2594 verbum
910 2551 928 2595 a
952 2532 1031 2597 rubo
1065 2539 1168 2594 notum
1192 2532 1239 2614 sn,
1271 2550 1331 2594 vox

185 2638 280 2718 anim,
304 2638 480 2721 significans
504 2636 645 2720 verbum,
675 2646 721 2702 est
750 2644 804 2702 adr
832 2640 983 2722 pulsatus,
1017 2658 1078 2722 qno
1110 2639 1232 2721 dempto
1256 2659 1332 2702 ver-

185 2746 254 2808 bum
284 2744 446 2808 humanum
477 2763 540 2810 non
572 2747 782 2826 cognoscitur.
837 2746 906 2809 Non
937 2747 1036 2810 solum
1069 2753 1170 2810 autem
1205 2747 1330 2809 verbum

185 2853 274 2916 nobis
297 2870 314 2914 a
337 2852 428 2936 rubo,
460 2851 521 2916 boc
544 2859 591 2916 cst
614 2852 651 2915 ab
676 2860 749 2916 οὔτε
772 2854 859 2937 leges
883 2851 934 2916 dat
967 2859 998 2915 et
1029 2853 1189 2917 nobiscum
1220 2873 1330 2917 versa-

185 2967 252 3041 tur,
275 2959 331 3022 sed
355 2961 435 3022 enim
466 2965 497 3022 et
529 2959 644 3022 odores
675 2966 706 3023 et
735 2960 860 3024 colores
885 2969 1065 3041 parcerem
1090 2961 1179 3024 nobis
1199 2961 1368 3024 inculta-1⁵

184 3072 230 3130 tes
254 3083 325 3130 suas
347 3067 552 3130 manifestant.

274 3195 323 3260 10.
369 3197 424 3258 llic
448 3197 540 3277 igitur
562 3197 640 3259 deus
663 3195 784 3278 igneus,
807 3195 859 3277 qui
883 3194 964 3278 ignis
987 3213 1004 3258 a
1025 3195 1093 3259 luca
1110 3197 1217 3279 extitit,
1239 3214 1331 3258 mun-

186 3305 256 3368 dum
290 3303 362 3368 iecit
395 3307 435 3368 ita
470 3311 503 3367 ut
535 3304 639 3368 bloses
672 3304 729 3386 ait,
759 3305 826 3385 ipse
858 3320 927 3366 cum
966 3321 1028 3366 non
1062 3302 1208 3368 subsistat
1238 3311 1332 3366 tena-

185 3415 247 3477 bris
278 3419 421 3494 tanquam
452 3412 620 3476 substantia
650 3419 754 3493 utens,
784 3416 933 3491 perpetuo
967 3409 1159 3474 contumeliis
1194 3409 1332 3474 alliciens

185 3530 327 3584 aeternas
361 3520 427 3584 illas
462 3519 594 3601 desuper
626 3517 746 3582 inlerne
768 3522 927 3598 susceptas
961 3515 1038 3578 lucis
1068 3522 1168 3579 notas.
1227 3513 1370 3595 Usquetn

183 3763 228 3817 τοῦ
247 3762 364 3824 σκότους.
401 3763 458 3816 Kal
475 3762 595 3817 έκάιεσεν
613 3762 628 3817 ὁ
647 3761 710 3824 θεὸς
731 3761 759 3816 τὸ
783 3760 842 3830 φῶς
867 3759 971 3832 ἡμέραν
992 3759 1039 3812 acl
1065 3759 1093 3812 τὸ
1116 3759 1210 3820 σκότος.
1230 3760 1332 3813 ἐκάλεσε

184 3855 272 3909 rana.
309 3855 365 3907 Καὶ
382 3857 503 3920 εποίησεν
521 3854 535 3907 ὁ
554 3855 618 3916 θεὸς
641 3855 669 3908 τὸ
694 3855 830 3926 στερέωμα
854 3852 900 3907 xci
922 3851 1077 3924 διεχώρισεν
1101 3851 1152 3906 ἀντὶ
1178 3853 1263 3923 μέσον
1288 3842 1332 3904 τοῦ

186 3945 294 4010 ὕδατος,
315 3943 329 3999 ‘c'
347 3940 379 4011 ἦν
398 3945 519 4000 ὑποκάτω
544 3947 589 4000 τοῦ
614 3946 806 4019 στερεώμιττος,
837 3944 884 3998 καὶ
908 3943 961 3997 ἀνὰ
984 3946 1070 4012 μέσον
1091 3945 1137 3998 τοῦ
1164 3941 1260 4004 ὕδατος
1287 3941 1333 3994 τοῦ

184 4033 273 4088 luciam
292 4034 336 4087 τοῦ
354 4033 540 4106 στερεοίματος.
710 4035 754 4088 99.
778 4035 801 4088 1.
823 4033 982 4106 διεχώρησεν
1001 4029 1023 4086 C
1173 4031 1331 4100 3.11ασῶν]

187 4127 299 4180 Πάντων
317 4122 339 4179 (2
357 4123 395 4179 ld.
435 4123 477 4178 Cf.
498 4125 569 4179 inira
594 4143 621 4198 p.
641 4127 704 4181 324.
733 4125 778 4180 ed.
804 4122 855 4178 Ox.
1026 4125 1053 4179 8.
1074 4125 1099 4178 9.
1134 4120 1330 4185 1Μοο.1,ι.

184 4217 211 4270 9.
233 4217 274 4268 to.
295 4211 339 4268 Cl.
358 4211 460 4266 2blos.
480 4215 505 4278 ³,
525 4215 551 4268 2.
706 4214 746 4268 1³.
766 4213 858 4284 βοτὸν]
876 4214 957 4282 βάτον
976 4210 997 4268 C
1017 4211 1055 4278 M,
1078 4213 1124 4285 qui
1151 4212 1203 4266 iam
1229 4211 1331 4265 obaer-

183 4307 254 4363 varit
272 4305 393 4360 [locotus
418 4304 463 4359 bic
487 4307 515 4360 iu
541 4305 644 4359 verbali
671 4307 754 4376 parda
777 4304 891 4361 ludere:
914 4305 999 4360 πάτον
1025 4307 1048 4358 τι
1076 4322 1130 4358 non
1156 4302 1330 4357 scribendum

184 4409 304 4455 atcerte
324 4398 490 4452 audiendum
510 4417 571 4452 esse
591 4408 668 4470 putat
688 4395 832 4469 Roeperus
984 4399 1029 4452 20.
1054 4395 1073 4449 ι’
1076 4414 1119 4450 οε.
1132 4397 1195 4458 θεὸς
1210 4413 1330 4464 exesum,

184 4491 233 4544 aad
256 4491 411 4563 compendii
431 4491 563 4564 reliquiae
583 4487 780 4563 apparent.b1

976 4583 1044 4648 27*
