3052 4984
251 314 315 380 τέο
359 315 580 400 (μέσατοι.)
668 320 763 380 ποτε
784 323 828 394 α,
852 324 989 381 οο-οε.

251 483 286 548 δέ
316 485 413 562 εῖναι,
446 483 503 548 τόν
536 483 572 549 δέ
602 483 810 571 ψευδόμενον
836 486 990 568 ἐλέγχειν,
1020 485 1101 572 μηδέ
1130 486 1289 564 κλέπτειν,
1324 487 1423 572 μιγόέ

213 591 427 678 οτσυνείδήσιν
446 591 500 656 ἐπί
522 589 634 680 άνόμρι
656 592 761 678 κέρδει
781 593 946 678 μολύνειν,
969 593 1070 680 μηδὲν
1092 593 1314 682 α’ποκρύπιειν
1336 595 1424 670 τούς

250 700 509 787 ονναιρεσιοίτας,
543 699 660 784 ἐτέροις
681 700 717 764 δὲ
738 701 840 788 μηδὲν
861 703 1015 780 ἐξειπεῖν,
1047 705 1109 766 κάν
1137 707 1230 789 μέχρι
1251 703 1422 768 θανάτου

248 831 294 883 ας
314 806 467 894 βιάζηται.
510 808 601 893 Πρός
621 807 742 886 τούτοις
764 809 877 893 ὄμνυσι
899 810 1012 897 μήδενλ
1031 810 1227 895 μεταδοῦναι
1247 816 1313 876 αὸν
1330 811 1423 892 δογ-

248 913 359 1000 μάτων
379 914 491 1004 ἑτέρως
512 917 533 1002 ή
554 913 598 991 ὥς
620 913 715 992 αδτδς
736 916 897 1000 μετέλαβε.
921 921 926 1002 Ι

338 1026 389 1092 24.
439 1024 604 1100 Τοιούοοις
634 1021 693 1089 ούν
726 1024 836 1110 ὅρκοις
866 1024 1052 1109 δεσμεύουσι
1084 1027 1157 1102 τούς
1187 1030 1422 1112 προσερχομέ-

214 1146 335 1208 ῖονους.
377 1132 419 1196 Εί
449 1130 487 1195 δέ
515 1155 560 1208 τις
589 1130 625 1197 ἐν
655 1131 858 1220 άμαρτήματί
880 1135 955 1220 τιν[ι
977 1136 1223 1227 καταγνωσθ]ή,
1251 1134 1420 1220 α’ποβάλ-

250 1239 337 1306 λεται
358 1243 414 1304 τού
442 1240 614 1325 τάγματος,
647 1238 665 1306 ὅ
698 1240 733 1304 δέ
766 1239 967 1327 ἀποβληθεὶς
999 1242 1095 1330 δεινῷ
1122 1241 1213 1330 μόρῳ
1246 1242 1326 1308 ἐσθ’
1356 1243 1419 1308 ὅτε

251 1347 488 1434 διαφθείρεται.
547 1353 624 1422 Τοῖς
652 1349 713 1434 γάρ
746 1346 855 1434 ὅρκοις
883 1353 938 1412 καὶ
966 1361 1030 1426 τοῖς
1058 1350 1169 1415 ἔθεσιν
1197 1350 1419 1435 ἐνδεδεμένος

251 1453 327 1520 ούδέ
365 1458 418 1542 νής
455 1455 547 1540 παρὰ
582 1466 646 1530 τοῖς
675 1454 787 1533 ἄλλοις
818 1460 937 1543 τροφῆς
969 1456 1105 1522 δύναται
1135 1459 1417 1542 μεταλαμβάνειν.

243 1562 334 1628 Ἕσθ
356 1563 407 1628 ὅτε
428 1560 486 1628 οὖν
507 1565 541 1628 τύ
565 1568 657 1648 σῶμα
679 1563 762 1652 λιμῷ
785 1563 1048 1651 διαφθείρουσιν,
1073 1565 1185 1653 [ὅθ]εν
1205 1566 1242 1631 ἐν
1257 1565 1416 1648 ἐσχάτοις

213 1676 326 1746 ρεποτέ
353 1669 477 1736 ἐλεοῦσι
506 1670 648 1745 πολλούς
679 1669 739 1758 ἤδη
769 1670 986 1750 ἐκλείποντας,
1019 1671 1126 1738 αύττόν
1162 1672 1277 1760 λκανήν
1310 1677 1414 1759 μέχρι

250 1779 399 1846 θανάτου
421 1780 582 1863 ἐπιτιμίαν
602 1779 779 1866 ἡγούμενοι.

339 1890 389 1960 25,
434 1893 514 1972 Περὶ
536 1886 572 1953 δέ
594 1891 651 1964 τδς
671 1890 786 1975 κρίσεις
808 1885 1026 1974 α’κριβέστατοι
1055 1892 1110 1952 καὶ
1141 1888 1275 1953 δίκαιοι·
1308 1887 1413 1954 δικά-

251 1994 337 2071 ζουσι
359 1994 395 2059 δέ
418 1994 627 2072 συνελθόντες
649 1994 708 2061 ούκ
729 1995 877 2072 ἐλάττους
897 1999 960 2060 τοίν
982 1995 1114 2073 ἑκατόν,
1149 2001 1183 2062 τδ
1206 1996 1243 2061 δέ
1264 1995 1413 2085 ὁρισθὲν

250 2101 309 2169 ὑπ’
326 2101 433 2168 αδαόν
450 2101 608 2189 ὅκίνήτον.
655 2106 779 2189 Τιμῶσι
802 2103 840 2168 δέ
861 2103 917 2169 τδν
938 2108 1119 2192 νομοθέτήν
1138 2105 1217 2190 μετὰ
1238 2107 1409 2184 τὸνθεόν,

228 2215 306 2278 ίκαέ
326 2213 358 2276 εί
375 2234 421 2286 τις
441 2212 488 2288 είς
508 2215 619 2276 τοῦτον
639 2210 874 2298 βλασφήμήσει,
898 2212 1074 2289 κολάζεται.
1122 2220 1199 2291 Τοῖς
1213 2213 1250 2278 δὲ
1265 2216 1410 2304 ἄρχουσι

250 2322 305 2384 καί
326 2321 547 2406 πρεσβυτέροις
568 2317 744 2384 δπακούειν
770 2318 986 2386 διδάσκονται.
1038 2321 1079 2386 Εί
1106 2321 1142 2386 δέ
1173 2322 1227 2386 ἐπὶ
1256 2326 1291 2388 τό
1321 2323 1409 2388 αὸτό

250 2426 330 2492 δέκα
351 2426 560 2506 καθέζονται,
584 2425 623 2492 οδ
645 2425 777 2514 λαλήσει
797 2425 856 2506 είς,
879 2428 909 2492 εί
930 2429 974 2515 μή
996 2439 1062 2504 τοῖς
1082 2429 1177 2494 ἐννέα
1200 2427 1297 2509 δόξει.
1338 2437 1408 2496 Καὶ
1431 2413 1433 2418 ’

1301 2571 1408 2584 ..η-

251 2636 304 2696 καὶ
327 2635 400 2708 τούς
423 2630 644 2720 ψευδομένους
665 2631 805 2715 ἐλέγχειν
826 2634 893 2718 (om
910 2635 1037 2719 Porph.)
1058 2634 1318 2720 προβάλλεσθαι·
1334 2649 1402 2719 χεῖ-

251 2766 311 2828 ρας
332 2741 453 2828 κλοπῆς
475 2747 530 2806 καὶ
552 2741 662 2830 ψυχήν
684 2739 816 2806 ὅνοσίου
838 2740 970 2830 κέρδους
990 2745 1146 2832 καθαράν
1162 2745 1329 2831 φυλάξειν,
1344 2755 1405 2812 καῖ

250 2852 326 2938 μήτε
348 2849 487 2938 κρύψειν
508 2873 536 2916 τι
557 2851 630 2926 τοδς
658 2847 846 2938 αλρετιστάς,
880 2852 955 2938 μήτε
982 2850 1098 2939 ἐτέροις
1119 2853 1225 2920 αύτόίν
1246 2878 1274 2921 τι
1294 2859 1403 2943 μιγνύ-

251 2976 331 3038 σειν,
360 2962 422 3024 κάν
441 2962 533 3048 μέχρι
556 2959 704 3024 θανάτου
725 2981 770 3036 τες
790 2957 946 3047 βιάζηται.
991 2967 1080 3048 Πρὸς
1102 2963 1154 3048 (δέ
1188 2965 1245 3029 εδδ
1270 2967 1401 3050 Porph.)

251 3069 371 3145 τούτοις
391 3066 545 3154 δμνύονσι
574 3069 705 3155 (ὄμνυσι
733 3070 861 3154 Porph.)
887 3067 1000 3155 μήδενέ
1027 3073 1087 3154 μέν
1112 3071 1307 3155 μεταδοῦναι
1334 3079 1402 3138 τῶν

251 3177 421 3263 δογμάτων
441 3177 554 3264 ἑτέρως
584 3180 604 3264 ή
631 3177 674 3254 τίς
695 3175 791 3254 αύτδς
820 3179 992 3262 μετέλαβεν
1022 3180 1222 3265 (παρέλαβεν
1253 3183 1352 3268 Porph
1366 3188 1400 3270 )·

250 3287 433 3375 ὅφέξεσθαι
456 3287 491 3352 δὲ
515 3285 671 3377 λῃστείας,
693 3291 748 3352 καί
769 3288 970 3375 συντηρήσειν
991 3287 1109 3374 ὅμοίως
1133 3291 1173 3356 τά
1194 3313 1225 3355 τε
1252 3294 1305 3378 τής
1328 3296 1400 3378 (τῆς

251 3419 299 3464 οτι
323 3381 450 3482 Ροτρίι.)
472 3391 622 3480 αἱρέσεως
644 3393 749 3461 αὐτῶν
771 3395 879 3481 βιβλία
912 3402 967 3461 καί
990 3397 1029 3462 τά
1060 3402 1123 3463 τῶν
1153 3397 1298 3480 ἀγγέλων
1318 3398 1399 3465 δνό-

248 3529 345 3590 ματα.
404 3505 566 3580 Τοιούτοις
591 3509 651 3589 μὲν
681 3505 788 3591 ὅρκοις
816 3506 889 3584 τούς
908 3509 1097 3594 προσίοντας
1117 3507 1398 3594 ἐξασφαλίζονται.

336 3617 366 3682 θ.
416 3619 500 3691 Τοδς
522 3614 558 3680 δέ
578 3613 632 3680 ἐπ’
655 3612 834 3702 ὅξιοχρέοις
860 3613 1085 3703 ἁμαρτήμασιν
1111 3615 1248 3693 ἁλόντας
1276 3618 1396 3702 ἐκβάλ-

250 3725 340 3790 λουσι
369 3729 424 3789 τού
454 3725 628 3809 τάγματος,
660 3722 677 3789 ὅ
702 3723 739 3789 δέ
760 3724 918 3810 ἐκκριθεὶς
949 3726 1088 3812 οἰκτίστῳ
1118 3725 1277 3802 πολλάκις
1303 3726 1395 3816 μόρῳ

251 3834 487 3921 διαφθείρεται.
539 3839 616 3909 Τοῖς
643 3831 706 3920 γδρ
737 3833 844 3922 ὅρκοις
873 3837 927 3898 καί
957 3845 1022 3910 τοῖς
1051 3835 1161 3900 ἔθεσιν
1190 3834 1395 3920 ἐνδεδεμένος

250 3943 466 4031 (ἐνδεδεμένοι
488 3944 615 4028 Porph.)
638 3940 715 4008 ούδέ
737 3946 788 4030 τής
809 3943 901 4027 παρὰ
924 3954 988 4019 τοῖς
1009 3943 1120 4022 ἄλλοις
1141 3950 1259 4034 τροφῆς
1289 3945 1393 4012 δύνα-

249 4077 301 4118 ται
322 4051 495 4140 (δύνανται
517 4054 646 4138 Porph.)
668 4052 937 4138 μεταλαμβάνειν,
966 4059 1146 4141 ποήφαγόν
1168 4057 1392 4142 (ποηφαγούν-

320 4220 365 4276 86.
396 4216 473 4274 Voce
504 4215 706 4290 σοναιρισιοίτιγς
736 4227 830 4275 carent
862 4219 959 4276 ίοτίτε.
985 4218 1023 4276 Μ.
1071 4217 1146 4277 Nova
1171 4219 1303 4296 Stephani
1328 4221 1391 4278 εδί-

251 4317 289 4370 tio
315 4314 437 4386 exempla
464 4311 543 4366 affert
575 4330 607 4367 ετ
634 4309 723 4366 photii
757 4311 936 4369 Bibliotheca.
1116 4318 1160 4370 90.
1191 4313 1310 4370 Litteras
1333 4333 1390 4370 un-

250 4407 289 4460 οἰε
308 4405 428 4458 inclusas
457 4418 570 4475 ρτοττοε
595 4402 697 4456 ablatas
722 4420 737 4458 e
764 4400 785 4457 C
810 4405 945 4478 supplevit
963 4403 992 4460 M
1179 4407 1223 4461 91.
1249 4405 1387 4484 τάγματος]

251 4494 427 4571 δόγματοςῦ
577 4497 621 4553 93.
647 4497 702 4552 Vox
719 4496 781 4554 ούδέ
799 4515 887 4570 paene
912 4507 966 4554 ίοῖε
986 4497 1078 4570 periit.
1100 4496 1130 4553 M
1251 4502 1296 4554 94.
1316 4497 1388 4580 ὅθεν]
