3052 4984
368 325 537 386 ualonuth.
567 325 782 384 theodotus
813 323 1131 384 utcutsuuucthnt.
1254 317 1319 382 407

260 493 313 559 34.
358 494 509 559 Ehionaei
540 505 642 560 autem
671 493 868 557 consentiunt
890 494 1013 574 quidum
1041 493 1184 557 mundum
1209 491 1246 554 ah
1272 508 1359 576 eo‚ta

173 602 282 683 quire
306 619 380 667 vara
404 601 570 685 deusest,
597 601 710 666 lactum
737 619 823 682 esse,
855 618 935 682 quae
969 607 1069 664 autem
1101 600 1138 663 ad
1171 598 1320 663 Christum

172 709 342 793 pertinent,
365 709 567 774 consimiliter
591 707 735 774 Cerintho
759 715 791 770 et
814 706 993 790 Carpocrati
1021 707 1204 772 lahulantur.
1249 708 1321 772 lilo-

172 814 256 878 rihus
278 815 408 880 Iudaicis
431 823 574 899 utuntur,
604 816 772 881 seeundum
799 815 900 899 legent
924 815 1097 880 dictitantes
1127 833 1199 879 sese
1230 816 1320 879 iusti-

170 921 271 1002 liaari,
306 930 337 988 et
364 925 465 989 lesum
495 925 632 989 dicentes
661 923 852 988 iustificatum
883 940 971 1008 esse,
1005 941 1073 986 cum
1107 923 1321 986 observaverit

171 1029 289 1116 legem3
328 1039 516 1114 quapropter
554 1041 585 1097 at
613 1030 773 1110 *Christum
805 1029 950 1116 (unctum)
984 1030 1036 1094 dei
1069 1038 1212 1095 vocatum
1246 1046 1355 1096 essedo

169 1157 239 1202 eom
272 1145 303 1202 ct
334 1140 456 1225 lesum,
494 1159 561 1203 oum
591 1157 683 1204 nemo
721 1158 762 1203 ex
789 1139 919 1220 'reliquis
955 1138 1167 1203 observaverit
1198 1138 1317 1220 legcm3

169 1246 282 1310 etenim
312 1247 432 1328 siquis
461 1245 537 1310 alius
567 1246 712 1331 lecisset,
745 1263 825 1328 quae
856 1247 887 1309 in
913 1245 987 1329 lege
1014 1245 1205 1328 praescripta
1234 1253 1316 1330 sunt,

167 1352 217 1416 ille
241 1355 392 1417 evasisset
415 1353 562 1417 Christus.
606 1355 703 1418 Posse
726 1360 828 1418 autem
859 1359 891 1416 et
918 1358 1017 1418 semet
1045 1354 1147 1438 ipsos,
1178 1352 1316 1417 similiter

167 1479 234 1524 cum
268 1460 414 1542 iecerint,
451 1460 591 1525 Christos
630 1461 788 1540 evadere;
820 1461 933 1524 etenim
967 1469 999 1526 et
1033 1461 1131 1543 ipsum
1160 1459 1314 1524 hominem

167 1585 266 1649 aeque
290 1573 382 1649 atque
406 1583 515 1632 omnes
539 1585 610 1633 esse
634 1567 747 1634 dicunt.
1321 1578 1351 1626 ht

252 1673 306 1737 35.
349 1673 529 1739 theodotos
563 1682 666 1738 autem
698 1674 820 1757 quidam
853 1676 975 1738 natione
1008 1674 1175 1757 Byzantius
1210 1675 1314 1740 intro-

164 1781 250 1845 duxit
274 1781 419 1846 haeresin
443 1800 572 1864 novam,
595 1782 711 1846 docens
735 1799 793 1866 ea,
828 1800 908 1864 quaa
935 1790 1006 1846 sunt
1033 1782 1072 1846 de
1096 1784 1217 1867 origine
1239 1785 1314 1847 uni-

162 1889 262 1972 versi,
286 1906 425 1972 congrua
449 1897 594 1971 exparte
620 1889 780 1953 doctrinae
804 1907 899 1953 verae
922 1888 1097 1972 ecclesiae,
1120 1909 1188 1954 cum
1211 1909 1229 1954 a
1251 1890 1311 1955 deo

164 1997 266 2062 omnia
296 1995 437 2079 prolecta
468 2015 540 2061 esse
575 1998 747 2081 consentit,
781 1995 931 2060 Christum
963 2003 1085 2081 autern,
1109 2017 1126 2060 e
1148 1999 1310 2080 gnostico-

162 2123 229 2169 rum
258 2113 289 2169 et
321 2103 457 2168 Corinthi
486 2104 677 2186 Ehionisque
706 2102 814 2168 schola
844 2103 997 2188 avellens,
1021 2105 1063 2168 ait
1093 2105 1144 2168 tali
1175 2105 1349 2186 quodamta

163 2210 256 2275 modo
291 2213 487 2294 apparuisse:
516 2211 554 2274 ut
584 2210 685 2276 lesum
720 2209 842 2292 quidem
877 2227 948 2275 esse
982 2209 1136 2276 hominem
1171 2231 1211 2276 ex
1239 2215 1306 2276 rir-

159 2321 233 2403 gine
264 2325 365 2383 natum
396 2317 564 2381 secundum
597 2318 784 2382 voluntatem
813 2319 926 2400 patris,
956 2337 1023 2382 cum
1051 2320 1180 2383 vixisset
1206 2327 1307 2384 autern

162 2425 273 2490 eodem
297 2444 359 2507 quo
388 2426 523 2489 universi
552 2424 691 2488 homines
723 2423 816 2488 modo
847 2430 877 2486 et
911 2441 978 2487 cum
1007 2425 1160 2507 piissimus
1191 2427 1309 2510 luisset,

159 2539 268 2616 postea
292 2535 322 2595 in
344 2532 495 2614 baptismo
521 2531 558 2595 ad
582 2531 743 2594 Iordanem
766 2532 886 2612 cepisse
909 2530 1061 2597 Christum
1090 2551 1225 2614 superno
1248 2534 1308 2598 de·-

157 2640 276 2722 lapsum
305 2641 336 2702 in
366 2641 471 2721 specie
496 2639 672 2720 columbae,
708 2643 896 2719 quapropter
924 2656 985 2701 non
1020 2639 1104 2721 prius
1139 2646 1344 2721 potestatesoa

156 2749 187 2810 in
209 2763 247 2808 eo
264 2747 407 2830 viguisse,
430 2763 521 2828 quam
543 2752 703 2826 postquam
726 2745 767 2827 is,
785 2745 837 2824 qui
851 2743 995 2826 delapsus
1011 2753 1087 2830 erat,
1103 2747 1261 2811 emicuerit
1275 2749 1305 2812 in

156 2851 207 2916 illo
227 2851 369 2936 spiritus,
394 2871 485 2934 quem
509 2867 580 2915 esse
604 2849 756 2914 Christum
781 2851 921 2934 appellat.
977 2851 1075 2915 Deum
1099 2859 1199 2917 autem
1222 2871 1305 2917 nun-

157 2977 247 3040 quam
268 2956 350 3022 huno
372 2957 483 3021 lactum
501 2975 571 3020 esse
585 2956 691 3019 volunt
703 2975 759 3038 per
773 2959 955 3021 descensum
971 2960 1112 3041 spiritus3
1136 2958 1185 3024 alii
1204 2966 1304 3025 autern

157 3063 211 3150 (so.
245 3045 353 3128 volunt
385 3064 474 3128 deum
504 3064 616 3128 lactum
647 3065 727 3150 esse)
751 3073 821 3148 post
843 3065 1103 3130 resurrectionem
1126 3087 1143 3130 a
1166 3069 1303 3132 mortuis.

244 3169 296 3237 36.
343 3171 417 3236 Curn
441 3181 543 3238 autem
566 3173 709 3239 diversae
740 3174 822 3237 inter
849 3173 920 3238 illos
948 3182 1036 3238 ortae
1067 3180 1172 3238 essent
1203 3189 1341 3256 quae-tu

155 3277 288 3362 stiones,
323 3296 493 3362 aggressus
528 3287 575 3344 est
613 3280 752 3366 quidam,
787 3289 819 3344 et
849 3283 916 3363 ipsa
953 3282 1078 3344 nomine
1114 3280 1303 3366 Theodotus,

156 3385 386 3450 nummulariam
419 3387 599 3472 professus,
632 3389 737 3452 dicere
774 3395 957 3471 potestatem
989 3387 1142 3471 quandam
1171 3388 1303 3454 ilelchi-

155 3492 250 3556 sedec
278 3509 349 3556 esse
378 3494 558 3577 maximam,
597 3501 628 3558 et
657 3494 737 3559 hunc
766 3513 837 3559 esse
867 3495 1013 3560 maiorem
1042 3495 1181 3580 Christo,
1214 3499 1301 3562 cuius

153 3600 318 3684 imaginem
340 3601 425 3663 aiunt
447 3599 597 3666 Christum
621 3602 749 3685 referre,
774 3610 805 3666 et
818 3603 876 3684 ipsi
894 3603 1092 3668 consimiliter
1107 3622 1184 3686 quos
1208 3623 1299 3688 supra

150 3888 213 3932 non
235 3869 373 3934 similiter
398 3869 428 3955 (l.
452 3871 659 3958 consimiliter)
688 3880 719 3936 ut
749 3872 912 3938 Cerinthus
941 3882 971 3937 et
993 3874 1199 3958 Carpocrates
1227 3879 1297 3961 opi-

150 3983 268 4042 nantur.
314 3977 379 4043 Cet.

146 4211 203 4256 tusa
221 4203 274 4256 wir
289 4202 343 4276 πρὸ
358 4203 445 4258 αὐτῶν
459 4202 617 4263 Bussenius
689 4207 733 4262 62.
753 4207 804 4277 uir]
819 4201 884 4276 ἦνῦ
898 4205 928 4264 Μ
1005 4209 1154 4282 elcq'yayaa]
1172 4210 1294 4284 εἰσήγαγε

144 4294 172 4348 d'
192 4311 268 4366 susp.
287 4292 318 4350 hi
391 4298 435 4351 62.
462 4297 506 4354 63.
525 4293 630 4374 καινήν]
648 4297 766 4366 ardut}
848 4301 892 4356 67.
911 4301 957 4355 aci
969 4298 1023 4379 τὸν]
1041 4301 1085 4356 τὸν
1102 4319 1178 4374 susp.
1199 4301 1294 4374 Saup-

144 4385 207 4458 pius
297 4389 341 4444 ta.
371 4385 457 4460 hiim]
476 4391 491 4457 ἢ
510 4387 613 4446 amc
721 4392 765 4448 tt.
786 4383 868 4463 aimo]
887 4391 1008 4450 adadrC
1118 4396 1164 4451 76.
1182 4395 1227 4451 77.
1245 4413 1292 4452 na·

143 4472 289 4550 χείρησιῦ
405 4477 449 4535 79.
469 4479 604 4552 φάσκουσι
621 4481 801 4536 omittendum
821 4490 899 4554 putat
918 4480 1055 4556 Sauppiua
