3052 4984
549 265 675 390 ίῑίῠΑέίί.
720 327 851 390 ESSEM.
1218 321 1281 388 473

135 509 226 586 sunt,
250 500 374 566 atterius
396 497 588 584 Sadducaei,
611 499 786 564 aiiiautenr
808 497 930 563 Esseni.
976 499 1012 564 tti
1035 499 1127 564 vitam
1150 499 1280 584 gravio-

136 631 203 677 rern
226 609 347 694 colunt,
376 610 565 674 seinvicem
590 606 755 693 diligentes
778 609 1051 694 continentesque,
1082 615 1113 672 et
1135 627 1153 674 a
1176 608 1284 672 cuius-

137 739 199 803 que
229 718 501 802 concupiscentiae
530 735 626 802 opero
659 717 841 800 abhorrent,
877 725 1057 782 aversantes
1087 719 1177 782 etiam
1214 717 1284 782 tatic
1313 755 1321 778 .

137 828 261 913 audire,
282 829 457 911 nuptiisque
478 830 680 911 renunciant,
703 827 823 891 alienos
847 832 947 891 autern
971 845 1085 910 pueros
1109 828 1324 910 suscipiente

137 944 186 1002 tes
208 916 282 1002 suos
303 937 418 1002 bberos
439 935 574 1000 reddunt
604 934 695 1001 etad
719 953 794 1000 suos
816 953 920 1000 mores
949 934 1122 1020 deducunt,
1148 939 1179 1000 in
1204 936 1286 1000 bunc

137 1046 262 1110 modurn
286 1045 456 1109 nutrientes
490 1061 547 1109 eos
564 1051 609 1108 et
635 1047 666 1108 in
689 1045 797 1108 litteris
820 1051 1058 1129 promoventes,
1090 1063 1153 1109 non
1175 1046 1284 1128 probi-

137 1157 248 1220 bentes
271 1155 406 1240 nubere,
435 1155 492 1237 ipsi
523 1172 599 1218 uero
622 1155 736 1237 nuptiis
763 1154 965 1220 abstinentes.
1013 1156 1156 1221 Mulieres
1186 1163 1284 1221 autern
1385 1183 1390 1210 ι

138 1267 259 1331 etiamsi
293 1265 375 1329 idern
409 1265 569 1330 consitium
603 1283 717 1347 capere
753 1265 862 1352 veiint,
897 1283 961 1332 non
995 1267 1163 1352 recipiunt,
1201 1265 1285 1330 nullo

140 1376 233 1440 modo
257 1373 434 1439 mutieribus
457 1373 657 1439 confidentes.
1295 1398 1324 1447 cp

229 1483 278 1549 te.
331 1484 538 1549 Contemnunt
568 1492 670 1548 eutem
705 1483 840 1567 divitias,
872 1500 974 1566 neque
1002 1480 1212 1565 indigentibus
1246 1481 1286 1544 de

139 1613 176 1659 re
206 1594 345 1658 familiari
374 1593 520 1675 impertiri
543 1599 740 1667 aversantur;
775 1595 865 1656 immo
895 1611 972 1656 vero
999 1610 1092 1658 nemo
1116 1591 1195 1674 apud
1218 1590 1286 1655 illos

141 1703 269 1767 alterurn
307 1702 418 1767 divitiis
449 1708 593 1785 superat;
623 1709 671 1766 est
702 1703 782 1766 enirn
814 1701 866 1765 lex
897 1702 974 1783 apud
1009 1691 1096 1786 iilos,
1118 1701 1225 1783 utqui
1248 1699 1286 1764 ed

142 1819 257 1878 sectam
279 1810 407 1875 accedat
430 1829 506 1893 opes
529 1828 601 1875 suos
623 1810 737 1875 vendat
760 1818 791 1875 et
814 1811 955 1877 societati
980 1810 1105 1896 oderat,
1128 1827 1205 1892 quas
1230 1827 1287 1878 aee

141 1921 259 2003 cipians
281 1922 427 2006 magister
450 1919 606 2003 dispensat
627 1921 780 1984 universis
808 1927 900 2003 prdut
930 1938 1007 2004 opus
1037 1929 1093 1986 est.
1136 1921 1188 1986 Sic
1216 1917 1311 1983 nub-t

141 2031 188 2094 tus
219 2047 338 2112 egenus
371 2028 451 2112 apud
481 2029 560 2094 iilos.
617 2027 695 2094 0teo
730 2037 833 2094 autern
864 2047 926 2095 nen
959 2036 1098 2114 utuntur,
1134 2047 1202 2094 cum
1233 2048 1289 2113 pro

143 2139 373 2222 inquinamento
397 2137 531 2204 habeant
553 2141 739 2203 unctionem.
792 2137 1024 2204 Constituuntur
1047 2146 1147 2203 autem
1170 2151 1288 2222 procu-

143 2257 282 2336 ratores,
305 2251 356 2331 qui
380 2251 514 2312 omniurn
536 2267 640 2313 rerum
664 2249 869 2313 communium
892 2266 997 2313 curam
1021 2256 1150 2333 gerunt3
1181 2266 1288 2314 onmes

143 2366 244 2423 autern
270 2375 395 2441 sernper
418 2357 557 2422 candidis
579 2357 717 2421 vestibus
738 2357 836 2421 induti
859 2365 938 2422 sunt.
1296 2371 1312 2421 e

231 2465 282 2531 20.
326 2465 396 2531 Non
419 2475 521 2532 eutem
543 2466 602 2530 illis
624 2485 686 2530 una
710 2472 758 2529 est
780 2465 907 2552 ciuitas,
930 2466 987 2530 sed
1009 2468 1041 2530 in
1063 2464 1192 2552 siugulis
1215 2468 1287 2550 qui-

144 2575 264 2658 busque
292 2582 435 2658 tanquern
465 2575 598 2640 metoeci
638 2573 775 2639 habitant
814 2574 907 2639 multi.
962 2575 1000 2640 Et
1030 2577 1056 2639 si
1085 2577 1153 2659 quis
1182 2583 1288 2642 sectae

229 2805 261 2872 3.
305 2808 551 2893 Καταφρονηταὶ
572 2803 609 2868 δὲ
631 2802 781 2882 πίοότον,
803 2809 857 2869 καί
878 2805 1068 2890 θαυμάσιον
1089 2805 1165 2894 παρ’
1182 2805 1290 2884 adacte

144 2917 179 2979 cd
201 2915 423 3002 τιοινωνιμιιιόν
444 2913 648 3002 (κοινωνικόν
676 2916 825 3000 Porpbpr.
854 2919 893 2980 de
914 2917 1000 2982 nost.
1022 2917 1070 2999 tv,
1097 2917 1181 3001 lb),
1213 2914 1289 2982 ecee

145 3023 228 3089 ἔστιν
247 3021 352 3111 εόρείν
373 3024 473 3109 κτήσει
494 3024 564 3088 τινὰ
591 3021 667 3108 παρ’
695 3021 804 3099 αὐτοῖς
832 3021 1038 3110 ὑπερέχοντα.
1091 3024 1203 3109 Νόμας
1226 3027 1289 3114 χεὶρ

143 3135 216 3211 τοὺς
236 3134 282 3211 τίς
302 3133 357 3221 τὴν
379 3139 502 3221 αίρεσιν
522 3132 678 3210 εἰσιόντας
700 3132 847 3218 δημεύειν
867 3137 911 3221 τῷ
935 3133 1068 3218 τάγματι
1088 3137 1145 3222 τὴν
1159 3133 1288 3214 οὐσίαν,

145 3243 222 3308 ὥστε
242 3242 279 3308 έν
300 3242 404 3307 ἅπασι
424 3242 500 3329 μήτε
521 3245 634 3319 πενίας
653 3243 860 3328 ταπεινότητα
881 3246 1075 3330 φαίνεσθαι,
1096 3243 1173 3331 μηδ’
1191 3243 1290 3334 ὑπερ-

145 3355 222 3440 οχὴν
243 3351 397 3429 anemo,
430 3356 494 3417 τῶν
516 3351 552 3416 δέ
574 3351 705 3416 dedomo
728 3352 892 3439 κτημάτων
920 3351 1185 3438 ἀναμεμιγμένων
1212 3359 1292 3439 μίαν

146 3464 251 3551 ὥσπερ
274 3461 431 3549 ἀδελφοῖς
461 3462 585 3527 ἅπασιν
606 3460 721 3527 οὐσίαν
742 3463 837 3526 είναι.
886 3461 1009 3548 nqueo
1035 3461 1072 3528 δέ
1096 3460 1292 3549 ὑπολαμβά-

147 3591 236 3638 νουσι
257 3574 292 3637 τό
314 3571 438 3649 ἔλαιον,
462 3575 526 3654 κᾷν
547 3569 651 3664 α’λιφῇ
679 3595 724 3648 τις
754 3573 858 3649 ἄκων,
893 3571 1040 3658 σμήχεται
1067 3572 1101 3640 τό
1129 3579 1234 3659 σῶμα·
1257 3599 1292 3642 τε

147 3685 209 3769 γὰρ
232 3681 367 3766 αὐχμείν
388 3681 424 3747 έν
446 3681 536 3770 καλῷ
551 3684 709 3758 τίθενται,
733 3681 945 3766 λευχειμονεῖν
958 3707 989 3747 τε
1006 3681 1191 3760 διαπαντός.
1214 3689 1292 3750 Χετ-

146 3797 303 3880 ροτυνρττὶ
331 3791 368 3856 dd
398 3787 430 3856 oi
450 3795 514 3856 τόν
544 3794 662 3856 κοινῶν
690 3790 888 3878 έπιμελρττιί,
925 3795 979 3855 καὶ
1010 3790 1184 3880 ἀδιαίρετοι
1212 3796 1293 3879 πρός

148 3901 302 3967 ἁπάντων
323 3901 446 3976 εἰςτὰς
466 3903 575 3986 χρείας
596 3903 730 3966 deuocat.

231 4018 261 4082 4.
306 4018 383 4080 Μία
402 4013 438 4078 δὲ
461 4014 519 4080 τόν
540 4016 623 4081 ἔστιν
645 4013 751 4081 αὐτῶν
772 4013 882 4093 πόλις,
905 4013 976 4080 ottt'
997 4015 1033 4081 έν
1048 4015 1162 4107 ἑκάστῃ
1185 4039 1291 4081 κατοι-

147 4128 237 4191 κοῦσι
268 4127 462 4212 (μετοικοῦσι
487 4125 635 4210 Porphyr.
660 4128 679 4192 l.
703 4127 740 4212 l.)
770 4123 897 4190 πολλοί.
951 4130 1016 4191 Καὶ
1044 4137 1108 4202 τοῖς
1133 4125 1292 4214 ἑτέρωθεν

146 4319 292 4398 ποιοῦνται]
318 4321 530 4376 τεκνοποιοῦνται
553 4318 622 4376 CM
758 4323 801 4377 17.
828 4322 854 4393 d]
883 4340 927 4376 om
952 4319 974 4376 G
1145 4322 1188 4376 19.
1214 4322 1291 4376 ἀλεί-

148 4421 249 4486 φεσθαι
274 4412 295 4468 C
453 4415 499 4468 20.
531 4415 630 4468 κοινῶν
665 4419 855 4486 φροντίζοντες]
884 4413 1040 4487 Supersunt
1069 4415 1177 4469 litterae
1208 4435 1290 4470 κοινατ

145 4549 152 4564 .
179 4547 186 4563 .
215 4547 222 4562 .
245 4547 253 4562 .
276 4545 283 4562 .
311 4511 395 4570 coms
418 4524 480 4562 cum
510 4507 636 4564 obscuris
664 4510 785 4581 vestigiis
814 4509 966 4564 litterarum
998 4527 1029 4563 ντ
1052 4517 1079 4564 et
1105 4519 1231 4565 accentu.
1260 4507 1289 4566 Μ
