3056 4970
691 281 853 342 lUSTlNUS.
1283 275 1343 340 231

196 461 268 518 arnt
291 455 452 536 ιρίιὶιιιιιι,
474 450 527 533 qni
549 458 596 513 est
616 451 649 514 io
668 449 840 514 bominibus
856 471 916 533 per
936 459 1099 533 paternam
1126 451 1343 544 ipnoacota'cm.

282 557 335 622 27.
378 557 456 622 ilinc
483 563 586 620 autem
608 558 753 640 scriptum
777 563 825 621 est
846 558 937 622 etiam
959 558 1169 622 iusiurandum
1191 559 1222 621 in
1244 560 1384 639 pmmora

194 645 360 748 libro'qui
381 663 555 734 inscribitur
574 665 711 750 Baruclr,
744 683 805 746 quo
829 665 1024 748 obstringunt
1047 683 1122 748 eos,
1155 667 1206 747 qui
1234 665 1343 729 audire

196 773 304 838 volunt
337 772 416 838 baso
443 774 588 856 mysteria
618 781 647 836 ct
675 773 786 836 initiari
809 772 889 854 apud
912 772 1047 856 Bonum,
1079 772 1161 854 quod
1184 774 1343 838 iusiuran-

197 879 278 962 dum,
310 881 417 964 inquit,
444 881 554 945 iuravit
576 886 662 962 pater
683 888 792 944 noster
813 879 950 962 Elobim,
981 899 1051 944 cum
1074 880 1111 943 ad
1134 881 1256 944 Bonum
1282 899 1342 945 ve·
1394 947 1397 954 ,

195 987 307 1070 nisset,
331 1005 390 1050 nec
412 988 563 1070 poenituit
587 1006 656 1052 eum
678 986 891 1069 iurisiurandi,
920 1006 981 1069 quo
1013 987 1052 1051 de
1082 995 1169 1071 patre
1194 990 1339 1070 scriptum

196 1100 253 1176 est,
276 1094 388 1176 inquit:
421 1096 542 1158 Ivrcnit
568 1096 726 1176 dominus,
748 1115 805 1156 nec
832 1095 1002 1176 poenitabit
1032 1115 1109 1158 cam.
1162 1095 1218 1158 Est
1239 1102 1379 1163 automno

193 1200 404 1265 iusiurandum
431 1201 529 1266 hoca:
561 1201 632 1264 loro
651 1222 710 1283 per
734 1221 811 1279 scm,
835 1203 887 1284 qui
909 1211 1059 1283 estsuper
1076 1203 1188 1279 omnim
1210 1201 1338 1279 Bonam,

193 1327 241 1370 mc
263 1311 482 1372 mutoditurnm
503 1309 750 1390 bueo-mysteria
767 1329 824 1372 ceo
846 1311 989 1391 artqccm
1011 1309 1190 1386 edictorum,
1214 1327 1339 1370 secre-

190 1413 342 1494 flecurcm
371 1435 391 1478 c
422 1416 509 1480 Bcno
534 1417 578 1478 cn
603 1424 788 1479 creaturam.
841 1417 898 1479 Ubi
921 1423 1021 1480 autem
1045 1415 1106 1480 hoc
1128 1415 1338 1480 iusiurandum

190 1523 310 1604 iuravit,
333 1525 425 1588 intrat
447 1523 485 1588 ad
505 1524 622 1588 Bonum
646 1531 677 1586 et
699 1523 799 1587 cernit
820 1525 969 1605 quidquid
989 1525 1095 1586 oculas
1116 1542 1177 1594 non
1191 1523 1338 1586 oiditcec

192 1631 279 1692 αιιιίι
300 1632 420 1694 aedicit
440 1650 497 1694 aec
519 1633 552 1694 ιἰι
574 1651 629 1694 cor
650 1631 951 1709 immisisses-cadit,
975 1639 1006 1694 et
1026 1630 1102 1694 bibit
1125 1649 1143 1694 n
1165 1634 1233 1693 viva
1247 1643 1376 1713 aqna,st

191 1735 220 1798 id
244 1735 327 1816 quod
359 1744 405 1800 est
427 1737 581 1800 lavacrum
608 1737 688 1821 illis,
720 1746 751 1799 ut
783 1737 982 1821 arbitrantur,
1012 1736 1084 1802 lons
1118 1739 1207 1801 vivae
1237 1756 1336 1819 equae

190 1840 337 1906 subantis.
381 1843 552 1909 Discretum
581 1846 660 1906 enim
694 1853 742 1908 est
771 1845 852 1908 inter
879 1863 990 1926 equam
1018 1851 1049 1907 et
1071 1863 1200 1927 aquam,
1236 1852 1267 1907 et
1289 1851 1337 1908 est

190 1966 270 2031 aqua
292 1949 370 2014 inira
391 1951 611 2015 firmamentum
628 1970 743 2036 pravae
756 1958 927 2032 creaturae,
950 1953 981 2015 in
997 1971 1058 2034 quo
1078 1953 1218 2014 lavantur
1235 1951 1335 2017 choici

190 2063 221 2120 et
234 2059 387 2136 ‚animales
410 2057 560 2143 homines,
582 2067 614 2122 et
638 2077 716 2141 aqua
740 2068 789 2123 est
809 2078 901 2141 supra
924 2059 1144 2122 firmamentum
1162 2059 1239 2123 Boni
1257 2063 1334 2144 vive,

189 2163 219 2226 in
242 2181 301 2246 qua
323 2163 462 2258 lavantur
485 2167 657 2250 spirituales
680 2168 741 2230 vivi
763 2165 913 2250 homines,
936 2167 967 2228 in
990 2185 1050 2248 qua
1072 2165 1233 2229 lavabatur
1254 2167 1372 2234 illo-et

188 2268 248 2333 bim
273 2279 303 2334 et
324 2279 484 2354 postquam
507 2272 626 2336 laverat
648 2292 710 2337 non
733 2273 884 2355 poenituit
915 2291 993 2336 eum.
1044 2273 1081 2336 Et
1107 2271 1247 2354 quando,
1280 2275 1333 2336 in-

188 2377 260 2460 quit,
284 2377 356 2441 dicit
379 2378 547 2461 propbeta:
576 2381 694 2442 Sumite
716 2379 771 2442 tibi
792 2381 948 2442 mulierem
960 2382 1166 2456 scortationis,
1190 2382 1333 2460 qnoniam

186 2486 353 2547 scortando
374 2486 536 2550 disortium
557 2486 657 2565 societ
677 2495 763 2550 terro
785 2506 806 2548 c
828 2487 969 2563 dominc,
1000 2485 1060 2549 boo
1092 2494 1141 2549 est
1166 2486 1263 2548 Edem
1294 2486 1332 2550 ab

186 2589 322 2676 Elobim,
344 2591 375 2654 in
397 2591 458 2675 bis,
481 2594 597 2679 inquit,
618 2592 768 2676 propbeta
793 2601 898 2675 aperte
922 2592 1076 2672 eloquitur
1099 2608 1191 2654 omne
1214 2599 1332 2673 myste-

186 2699 262 2761 rium
274 2731 287 2780 ‚·
319 2715 378 2762 nec
409 2699 531 2763 auditur
557 2707 683 2784 propter
713 2698 854 2763 malitiam
884 2698 976 2762 Nans.
997 2689 999 2694 ’
1022 2696 1070 2760 Ad
1095 2697 1225 2760 eundem
1249 2697 1369 2761 illumat

187 2805 310 2871 modum
334 2809 424 2872 etiam
449 2808 507 2872 alia
531 2807 610 2871 dicta
634 2807 812 2891 prophetica
828 2806 967 2868 similiter
984 2803 1151 2891 deflectunt
1170 2822 1225 2885 per
1241 2821 1331 2866 com-

185 2913 290 2994 plures
313 2912 418 2978 libros.
469 2915 521 2978 ttst
545 2925 646 2979 autam
670 2915 707 2979 iis
730 2915 894 2996 praecipue
917 2911 995 2974 liber
1015 2911 1180 2996 inscriptus
1203 2911 1332 2996 bernolt,

185 3020 216 3082 in
228 3037 289 3103 quc
306 3039 428 3085 omnem
443 3021 566 3086 tabulae
583 3042 691 3088 eorum
707 3023 933 3104 expositionem
947 3021 1104 3102 reperient
1120 3019 1170 3101 qui
1185 3017 1329 3098 incidam.

186 3125 366 3209 Quanquam
388 3129 480 3210 igitur
501 3131 530 3192 in
555 3131 664 3193 multas
687 3129 782 3192 incidi
803 3127 970 3210 haereses,
1004 3127 1120 3207 abacti,
1154 3125 1185 3188 in
1216 3125 1328 3188 nullum

134 3217 137 3224 ¹
184 3230 245 3296 boc
260 3234 339 3298 malo
354 3237 477 3300 saevius
495 3237 598 3300 incidi.
637 3237 757 3308 Revera
773 3244 882 3319 nutem,
907 3236 995 3298 sicuti
1011 3233 1132 3317 dicitur,
1158 3235 1349 3298 secundumn

183 3339 263 3403 illins
285 3339 446 3404 Herculem
470 3349 592 3424 oportet
611 3345 742 3407 imitatos
758 3343 877 3426 Augiae
899 3358 1073 3424 expurgare
1094 3340 1254 3424 stabulum,
1278 3340 1328 3402 vel

184 3451 217 3508 ut
236 3449 349 3510 rectius
368 3449 476 3532 dicam,
499 3452 669 3534 sentinam,
691 3452 721 3513 in
740 3469 830 3531 quam
851 3468 919 3512 cum
938 3448 1111 3512 inciderunt
1128 3451 1179 3529 qni
1202 3455 1273 3511 sunt
1289 3447 1325 3511 ab

185 3571 223 3616 eo
237 3572 299 3617 non
316 3573 449 3637 unquam
461 3557 632 3643 abluentur,
651 3558 743 3619 immo
757 3574 796 3619 ne
810 3563 900 3638 caput
914 3555 1035 3637 quidem
1050 3555 1159 3619 tollere
1172 3562 1324 3636 poterunt.

182 3691 227 3746 tt.
246 3690 367 3758 πάντων,
392 3693 437 3747 τὸν
460 3695 579 3768 ἀγαθὸν]
605 3694 690 3750 πάντα
714 3693 758 3749 τὸν
777 3693 885 3766 ἀγαθὸν
903 3710 936 3765 pr
955 3690 991 3748 C:
1017 3691 1125 3748 πάντων
1141 3692 1192 3746 τῶν
1209 3690 1326 3763 ἀγαθῶν

183 3801 246 3838 sorr
264 3779 286 3837 c
303 3781 333 3838 ιι
447 3785 566 3842 ἰι-ιι
588 3785 601 3838 ι
622 3781 685 3838 nor.
709 3785 777 3849 aa
877 3771 936 3840 so.
963 3783 1253 3857 ...γι-ιιιομι...]
1272 3781 1323 3839 nv.

181 3873 219 3929 lo.
245 3876 277 3939 4,
306 3875 348 3930 tt.
375 3874 439 3929 ccll.
468 3895 495 3932 v.
524 3877 556 3931 10
676 3876 805 3932 80-84.
831 3872 873 3930 cl.
902 3877 915 3931 1
942 3873 1014 3930 Μοι.
1041 3875 1069 3941 1,
1095 3876 1158 3929 87
1278 3878 1324 3932 81.

181 3965 316 4039 enecarat]
335 3966 387 4020 barb
405 3964 503 4023 ἅνωῦ
619 3968 664 4023 87.
684 3984 742 4042 nqq.
763 3966 834 4023 Ηοι.
857 3971 880 4034 1,
898 3971 931 4022 2:
957 3969 1061 4032 Βάδιζε,
1079 3967 1143 4037 λάβε
1161 3969 1259 4040 σεαυτῷ
1276 3989 1325 4040 yc-

180 4064 262 4113 ναῖιιιι
279 4061 405 4130 πορνείας
421 4060 468 4115 καὶ
485 4061 560 4115 τέκνα
583 4063 725 4133 πορνείας,
751 4059 818 4114 oscas
842 4059 1036 4133 lmopvsooccoe
1061 4061 1229 4132 lmcpvsv'css
1250 4059 1266 4125 ἢ
1289 4059 1326 4128 γῆ

181 4139 368 4206 insinceriter
385 4153 430 4206 τοῦ
446 4157 550 4226 κυρίου.
667 4153 711 4207 92.
737 4151 819 4213 ἄλλας
836 4153 940 4223 baleria]
959 4153 1041 4214 ἄλλας
1059 4148 1081 4206 C
1099 4149 1129 4206 Μ
1235 4149 1325 4222 παρᾴ-

183 4241 269 4320 o'ocos]
286 4245 466 4317 παραδιδοῦσι
484 4243 506 4301 C
524 4242 554 4299 Μ
668 4245 712 4299 94.
723 4245 767 4299 95.
787 4242 934 4317 ὃίνιιχών]
955 4244 970 4297 ὃ
988 4237 1018 4298 ab
1035 4239 1162 4316 ιιχώνῦ
1277 4241 1322 4294 96.

179 4336 224 4390 97.
242 4333 353 4412 λέγεται]
372 4341 442 4412 λέγει
459 4336 506 4392 arci
524 4335 539 4390 ὃ
557 4330 579 4388 C
596 4330 635 4400 Μ,
653 4335 701 4408 qui
718 4335 799 4396 καλὸς
817 4352 892 4408 cnsp.
911 4352 962 4407 pro
980 4334 1046 4388 κατὰ
1160 4332 1204 4387 98.
1228 4329 1323 4410 ἀνιχό·

179 4443 258 4500 μενοι
276 4424 298 4483 C
318 4425 349 4481 Μ
465 4429 510 4482 99.
530 4422 799 4494 ἅποιιληθὴσονταιῦ
