3056 4970
661 303 833 368 'Sli'l'llldilb
1258 305 1323 371 203

180 474 338 540 lustratam
359 475 477 558 spiritu.
533 475 628 542 sicuti
649 477 742 562 igitur
763 482 920 541 sectantur
942 473 1092 541 tenebrae
1113 475 1323 559 splendorem,

183 588 216 646 ut
237 581 372 648 babeant
399 583 562 648 scintillam
590 585 776 648 remiseram
805 591 835 648 et
862 589 1007 667 cernant,
1038 585 1080 648 ita
1106 589 1242 648 sectatur
1270 583 1324 646 lux

182 694 214 752 et
234 689 358 772 spiritua
380 697 563 772 potestatem
579 691 627 756 aui
644 691 790 774 ipsorum,
813 695 846 754 et
865 690 1002 754 nituntur
1014 689 1125 754 tollere
1140 698 1170 754 et
1181 690 1362 773 reciperato

182 793 222 858 ad
244 812 317 860 sesa
339 797 449 860 mixtas
471 797 606 878 ipsorum
629 802 798 878 potestates
821 796 851 860 in
868 778 1087 860 'adiacentem
1108 815 1219 880 aquarn
1232 803 1324 861 tene-

181 901 308 967 brosam
339 909 371 967 et
399 903 576 968 terribilem.
629 903 743 968 Omnes
770 912 871 968 eutem
897 910 1070 985 potestates
1091 904 1182 968 trium
1204 905 1325 985 priuci-

184 1011 315 1094 piorum,
337 1029 418 1094 quae
440 1017 512 1076 sunt
533 1029 662 1074 numero
683 1008 828 1073 infinities
853 1009 999 1092 infinitae,
1021 1016 1093 1074 sunt
1112 1009 1255 1095 singulae
1267 1027 1324 1074 se-

183 1104 318 1182 cundum
340 1122 488 1183 naturam
501 1136 587 1182 auam
609 1126 713 1183 mente
735 1117 893 1200 praeditae
917 1123 949 1180 et
972 1116 1183 1200 intelligentie.
1227 1117 1324 1180 lnnu·

184 1225 340 1290 morabilis
370 1231 472 1290 eutem
502 1225 693 1290 multitudiue
723 1231 754 1287 et
783 1229 885 1288 mente
914 1222 1072 1304 praeditas
1100 1242 1169 1287 cum
1191 1225 1251 1288 siut
1273 1223 1363 1285 in-tc

183 1330 432 1414 telligentiaque,
466 1332 518 1396 ubi
545 1331 713 1396 manebunt
741 1349 798 1413 per
828 1347 880 1415 se,
919 1332 1081 1413 quiescunt
1104 1349 1228 1410 omnes;
1272 1329 1325 1394 ubi

183 1445 284 1501 autam
306 1440 521 1520 propinquabit
542 1445 679 1521 potestas
699 1439 858 1521 potestati,
882 1437 1093 1502 dissimilitudo
1117 1439 1325 1521 iuxta-posi-

182 1544 276 1609 tionis
299 1544 396 1608 ellioit·
416 1551 530 1610 motum
553 1544 705 1626 quendam
727 1550 758 1607 et
780 1545 932 1608 actionem
955 1563 972 1607 a
997 1551 1081 1608 motu
1096 1544 1255 1628 figuratam
1269 1563 1327 1628 per

181 1667 368 1716 concursum
389 1651 671 1734 iuxta-positionis
693 1651 933 1734 conpressorum
955 1658 1151 1731 potestatum.
1185 1651 1325 1716 Filenim

145 1753 152 1758 ’
182 1763 369 1840 potestatum
390 1743 561 1824 concursus
584 1765 728 1840 tanquam
751 1756 849 1839 ligura
871 1756 962 1840 sigilli
978 1775 1035 1839 per
1048 1775 1233 1822 concursum
1250 1758 1364 1821 red-⁶0

167 1863 248 1948 ‘dite
279 1863 480 1929 consimiliter
513 1865 689 1948 erigeronti
721 1880 775 1928 aas
812 1881 895 1945 quae
930 1863 1133 1936 admoventur
1165 1865 1326 1946 essentiae.

182 1967 259 2034 Cum
286 1973 379 2052 igitur
408 1971 543 2035 infinitae
571 1989 699 2035 numero
722 1972 811 2034 trium
835 1969 1054 2053 principiorum
1076 1973 1137 2036 sint
1157 1977 1327 2052 potestates
1385 1969 1391 1976 ’

183 2095 287 2160 exque
308 2077 434 2142 induitis
462 2079 664 2160 potestatibus
692 2077 801 2144 infiniti
828 2093 1014 2162 concursus,
1041 2079 1219 2142 necessario
1249 2093 1327 2141 nas-

182 2191 294 2248 cuntur
310 2185 495 2251 infinitorum
513 2185 682 2269 sigillorum
697 2185 856 2268 imagines.
900 2183 1043 2249 Nascitur
1059 2186 1152 2269 igitur
1168 2204 1208 2250 ex
1227 2187 1326 2268 primo

184 2290 273 2358 trium
296 2292 514 2375 principiorum
537 2309 691 2356 concursu
714 2292 818 2376 magni
840 2309 951 2375 magna
974 2291 1124 2373 quaedam
1141 2293 1263 2373 species
1280 2293 1366 2358 si-tt

183 2396 258 2480 gilli,
282 2397 400 2463 caelum
421 2405 453 2462 et
474 2407 568 2464 terra.
625 2399 766 2463 Formam
790 2405 891 2462 eutem
912 2396 1028 2462 babent
1047 2397 1165 2462 caelum
1189 2406 1220 2461 et
1243 2405 1326 2462 terra

184 2511 276 2570 utero
299 2505 507 2589 consimilem,
535 2504 710 2570 umbilicum
732 2504 856 2568 habenti
878 2501 1029 2587 medinm,
1058 2509 1090 2566 et
1111 2505 1138 2567 si
1159 2506 1245 2587 quis,
1274 2505 1327 2566 in-

183 2612 267 2694 quit,
296 2611 353 2676 sub
377 2613 485 2676 oculos
507 2612 661 2676 subiicere
682 2611 768 2676 uolet
788 2609 869 2674 bauo
891 2609 1038 2694 formem,
1071 2608 1230 2692 providum
1254 2615 1327 2673 nte-

185 2731 253 2782 rnm
276 2718 503 2800 cuiuscunque·
519 2717 652 2782 voluerit
678 2716 815 2782 animetis
847 2733 904 2798 per
925 2721 1021 2779 artem
1044 2720 1197 2778 scrutetur
1219 2723 1251 2779 et
1270 2733 1328 2778 re·

185 2824 285 2907 pariet
315 2823 450 2908 effigiem
473 2823 551 2888 caeli
572 2831 604 2887 et
628 2831 731 2888 terrac
754 2838 941 2905 eorumque,
974 2835 1054 2902 quae
1075 2822 1107 2883 in
1130 2819 1232 2885 medio
1256 2831 1366 2884 om-eo

186 2931 270 2994 nium
300 2929 590 2996 incommutabiliter
618 2931 788 2994 subiacent.
851 2929 943 2996 Facta
974 2935 1074 2992 autem
1106 2935 1154 2992 est
1186 2928 1266 2992 caeli
1301 2935 1330 2990 et

184 3043 291 3100 terrae
318 3027 414 3102 torma
444 3036 514 3102 talis
541 3037 630 3118 quasi
658 3043 747 3100 utero
769 3024 937 3100 consimilis
959 3052 1017 3116 per
1038 3033 1168 3116 primum
1190 3052 1328 3099 concur-

185 3159 262 3207 sum.
307 3142 424 3206 Rursus
445 3149 547 3206 nutem
568 3143 600 3206 in
622 3141 723 3208 medio
748 3143 828 3207 caeli
851 3150 882 3208 et
904 3143 1007 3206 terrea
1031 3144 1198 3206 extiterunt
1219 3142 1328 3207 inlinili

185 3255 371 3332 potestatum
399 3265 579 3314 concursus.
644 3249 683 3314 Et
711 3251 923 3332 unusquisque
953 3266 1125 3314 concursus
1153 3267 1217 3314 nou
1247 3248 1328 3314 aliud

186 3354 352 3437 quidquam
382 3355 485 3420 effecit
515 3362 548 3420 et
578 3353 753 3440 elligurevit
781 3373 872 3437 quam
901 3355 1035 3440 sigillum
1065 3355 1143 3420 caeli
1175 3365 1207 3422 et
1227 3363 1368 3420 terruere

185 3461 346 3526 consimile
370 3467 469 3525 utero
522 3461 559 3525 ln
581 3467 664 3524 tarra
687 3467 788 3526 antem
809 3479 915 3526 rursus
938 3467 1048 3526 enatae
1068 3470 1140 3526 sunt
1162 3481 1203 3526 ex
1223 3461 1328 3526 iniui-

184 3569 224 3632 tis
246 3567 354 3652 sigillis
378 3567 571 3632 diversorum
596 3568 767 3633 animalium
790 3567 926 3632 inlicitae
949 3567 1165 3634 multitudines.
1203 3567 1329 3633 lubanc

182 3775 230 3830 acl
246 3775 295 3848 γῆς
313 3772 335 3831 C
353 3774 396 3833 M:
416 3777 474 3834 ἰδέα
492 3777 645 3850 σφραγῖδος
663 3775 781 3849 οὐρανοῦ
797 3777 845 3830 καὶ
861 3777 909 3849 γῆς
926 3775 1104 3848 Bernayaiua.
1147 3773 1190 3832 Gt.
1209 3777 1282 3834 inira
1299 3794 1328 3851 p.

187 3867 249 3932 ³17,
267 3868 303 3925 89
322 3868 367 3924 ad.
387 3865 440 3926 Ox.
557 3869 599 3926 17.
615 3864 848 3940 dncpatdmrss
922 3868 964 3924 18.
984 3866 1236 3943 mancipaverunt
1253 3867 1330 3926 Ber-

187 3959 300 4032 napaiua
424 3961 467 4016 19.
490 3961 676 4034 παραπλήσιον
700 3959 777 4031 κατὰ]
800 3960 994 4035 παραπλήσιον.
1032 3961 1107 4018 Κατὰ
1126 3959 1148 4017 C
1166 3960 1197 4019 ll
1268 3977 1330 4017 ccr-

184 4052 299 4126 δρομῄν.
333 4053 389 4125 bre]
416 4053 572 4128 συνδρομὴν
593 4056 622 4108 lv
646 4050 723 4110 CM
842 4054 888 4110 2⁰.
914 4052 942 4108 δ’
968 4047 1003 4109 αὖ
1027 4055 1063 4126 api
1085 4057 1159 4128 μέαρο
1182 4051 1227 4109 τοῦ
1248 4053 1330 4126 οὐρα-

182 4145 233 4201 νοῦ
256 4146 303 4200 aad
327 4147 369 4214 sair
390 4147 445 4220 γῆςἸ
464 4144 647 4219 Bernayaiua:
687 4145 756 4218 edet
778 4146 851 4219 μέσῳ
882 4146 916 4218 τῷ
942 4145 1049 4219 οὐρανῷ
1072 4146 1119 4200 aad
1141 4146 1171 4220 τῇ
1194 4146 1230 4218 γῇ
1254 4141 1276 4199 C
1299 4140 1330 4199 ll

184 4239 230 4292 Ὠ.
249 4237 359 4311 οὐρανῷ
376 4239 423 4292 aci
439 4235 516 4312 yfiss
630 4239 675 4293 23.
696 4231 731 4292 αὖ
748 4237 794 4311 γῇ]
813 4237 878 4312 αὐτῇ
892 4234 956 4292 (ill
1070 4238 1115 4292 24.
1134 4236 1330 4304 nisidpJuteiov

184 4325 206 4384 C
312 4329 357 4384 al.
377 4331 422 4386 25.
447 4329 538 4384 πᾶσαν
564 4328 608 4396 ripe
632 4327 813 4400 Rernayaiua:
843 4330 933 4384 πᾶσαν
958 4328 974 4397 ἧ
1002 4325 1038 4384 C:
1068 4329 1141 4382 πᾶσα
1163 4326 1180 4393 ἢ
1203 4341 1278 4398 auap.
1301 4323 1330 4382 Μ

183 4419 230 4478 25.
250 4419 377 4494 dunelm
393 4418 580 4494 Bernayaiua:
603 4420 711 4496 ἀπειρία
728 4417 751 4475 C
768 4417 799 4477 Μ
