3056 4970
245 287 308 356 198
352 287 476 374 (μοι.
493 287 573 374 ιεε.)
653 291 748 350 um
771 293 804 367 v,
830 293 965 350 ιι-ιο.

242 457 378 541 γάζεται.
436 454 551 534 Οὐδείς
570 455 650 536 ούν,
683 459 779 544 φησί,
812 457 947 524 δύναται
967 459 1116 544 σωθῆναι
1139 457 1215 540 δίχα
1237 461 1294 522 τοῦ
1314 454 1389 524 υίοῦ

246 563 324 630 ούδὲ
348 563 427 630 άνελ
448 567 544 642 θεῖν,
579 565 700 639 δςέστιν
721 565 739 628 δ
762 566 848 651 δ’φις.
890 563 945 641 Ὡς
965 566 1027 652 γάρ
1048 564 1235 652 κατήνεγκεν
1256 567 1391 632 ἄνωθεν
1512 629 1513 632 ,

245 671 320 747 τοδς
350 671 523 760 πατρικοδς
548 675 764 759 χαρακτῆρας,
794 669 894 748 οὕτως
921 671 1022 737 πάλιν
1047 671 1200 737 ένιεδθεν
1231 669 1392 761 άναφέρει

209 779 318 854 αυτούς
346 779 594 862 έξυπνισμένοος
625 781 679 842 καί
705 777 874 859 γεγονότας
894 780 1067 866 πατρικούς
1086 782 1287 867 χαρακτῆρας
1306 778 1392 846 διτο-

247 885 377 960 σπίτους
403 883 440 949 έκ
459 889 515 949 τοῦ
535 882 755 950 άνοποστάτου
776 885 928 950 ένιεῦθεν
949 884 1016 950 ἐκεί
1033 889 1233 972 μεταφέρων.
1290 884 1391 952 'Mt'

246 989 319 1068 ἐστὶ,
343 993 429 1078 φησί,
450 992 485 1055 ιδ
507 991 689 1077 εἰρημένον·
717 989 812 1071 Ἕγυί
831 991 912 1075 είμι
932 991 953 1077 ή
974 992 1097 1078 θύρα.
1131 995 1320 1078 Μεταφέρει
1340 992 1390 1070 δέ,

247 1101 326 1184 φησί
321 1143 523 1175 .......
545 1100 724 1180 καμμοῦσιν
744 1096 924 1183 ὀφθαλμοῦ
943 1097 1128 1185 βλεφάρυυ,
1152 1099 1257 1185 ὥσπερ
1285 1098 1303 1164 δ
1327 1099 1392 1163 νά-

176 1273 178 1277 ,
249 1185 343 1288 φθας
365 1204 400 1268 τδ
422 1207 488 1291 πῦρ
509 1202 719 1286 πανταχόθεν
740 1205 786 1280 είς
806 1203 921 1270 ἑαυτὸν
942 1204 1181 1288 έπισπιέμενος,
1203 1204 1390 1290 μᾶλλονδὲ

210 1309 353 1395 υοάσπερ
375 1309 395 1396 ή
415 1307 568 1397 ήρακλεία
588 1309 684 1385 λίθος
704 1311 759 1376 τδν
781 1310 920 1396 σίδηρον,
944 1309 1026 1376 ἄλλο
1042 1311 1107 1398 [δέ]
1121 1311 1228 1390 οδδέν,
1250 1313 1390 1399 ήάσπερ

247 1413 267 1501 ή
289 1421 345 1480 τοῦ
366 1415 551 1481 θαλασσίου
573 1413 700 1502 ἱέρακος
720 1421 823 1504 κερκίς
842 1418 877 1482 τδ
899 1421 1038 1506 χρυσίον,
1061 1421 1166 1503 έτερον
1187 1418 1224 1483 δὲ
1238 1417 1349 1484 οὐδὲν·
1371 1423 1395 1505 ἢ

249 1521 355 1610 οἷσπερ
377 1523 487 1602 ἄγεται
507 1521 572 1587 ύπδ
593 1525 648 1588 τοῦ
669 1521 821 1610 ήλέκτροο
842 1523 877 1588 ιδ
908 1525 1045 1612 ἄχυρον,
1069 1525 1169 1602 οὕτω,
1189 1529 1302 1610 φησίν,
1326 1524 1391 1590 ὑπὸ

248 1632 303 1693 τοῦ
326 1629 432 1714 ὄφεως
453 1629 563 1709 ἄγεται
584 1629 684 1694 πάλιν
707 1627 773 1694 άπδ
795 1634 851 1695 τοῦ
872 1629 993 1714 κόσμου
1014 1629 1049 1696 τδ
1072 1631 1323 1715 έξεικονισμένυν
1338 1635 1391 1696 πέ-

248 1732 335 1799 λειον
360 1738 452 1814 γένος
472 1733 665 1819 δμοούσιον,
689 1733 771 1800 ἄλλο
794 1735 830 1800 δε
853 1734 967 1814 οδδέν,
990 1738 1105 1812 καθείς
1126 1735 1188 1802 ὑπ’
1209 1736 1308 1803 αδτοίί
1330 1762 1393 1802 κα-

212 1843 429 1928 ίοιεπέμφθη.
481 1841 571 1926 Πρὸς
595 1839 712 1928 ταύτην
736 1840 792 1928 τήν
821 1829 992 1920 άπίίδειξινΙ
1018 1844 1153 1930 φέρουσι
1180 1843 1236 1929 τήν
1261 1847 1317 1909 τοῦ
1338 1845 1393 1926 έγ-

250 1947 396 2034 κεφάλου
417 1947 591 2034 άνατομήν,
616 1947 714 2012 αύτδν
734 1951 794 2032 μέν
813 1949 869 2013 τδν
890 1942 1071 2036 ἐγκέφαλον
1089 1948 1393 2038 άπεικονίζοντεςιῷ

249 2057 345 2141 πατρί
358 2053 414 2119 διά
426 2055 462 2119 τύ
475 2052 631 2140 άκίνητον,
655 2053 710 2140 τήν
731 2053 769 2118 δέ
789 2055 1055 2142 παρεγκεφαλίδα
1076 2060 1119 2144 τῷ
1141 2053 1203 2145 οἲή
1224 2057 1281 2124 διά
1303 2081 1337 2124 τε
1355 2058 1392 2124 τδ

249 2165 412 2226 κινείσθω
440 2165 495 2224 καί
517 2159 741 2248 δρακοντοειδή
762 2158 928 2247 ὑπάρχειν,
950 2162 991 2248 ήν
1012 2161 1156 2250 άρρήτως
1176 2168 1231 2228 καί
1248 2161 1395 2250 άσημάν-

204 2341 208 2348 ,
250 2291 311 2345 τως
330 2269 537 2334 ἐπισπᾶσθαι
559 2266 617 2332 διά
637 2271 693 2332 τοῦ
714 2270 875 2356 κωναρίοο
897 2269 1056 2355 φάσκουσι
1076 2271 1132 2356 τήν
1151 2270 1187 2334 έκ
1208 2275 1264 2335 τοῦ
1285 2293 1393 2355 καμα-

213 2390 244 2442 τε
252 2379 322 2464 ρίου
344 2375 569 2465 ἀπορρέουσαν
587 2375 802 2461 πνευματικήν
814 2380 876 2440 καὶ
898 2375 1055 2457 ζωογύνον
1076 2374 1223 2464 ούΙσίαν,
1246 2377 1286 2463 ἢν
1306 2375 1393 2443 δπα-

252 2483 408 2569 δεξαμένη
430 2481 450 2570 ή
471 2480 707 2570 παρεγαεφαλίς
728 2481 832 2566 ὥςπερ
854 2478 873 2546 δ
896 2478 974 2559 υίός,
999 2480 1131 2558 άλάλως
1150 2482 1393 2576 μεταδίδωσιτή

251 2587 312 2683 είλη
333 2589 390 2666 τάς
412 2589 516 2667 ίδέας,
551 2590 706 2654 τουτέστιν
730 2587 786 2654 ἐπὶ
807 2587 860 2655 τδν
880 2599 1031 2655 νωτιαίον
1051 2588 1171 2674 μυελδν
1192 2589 1333 2679 διαρρέει
1354 2591 1394 2656 τά

252 2701 419 2785 σπέρματα
440 2699 495 2760 καί
515 2695 553 2761 τά
574 2698 650 2782 γένη
676 2698 740 2760 τάν
764 2698 971 2778 γεννωμένων
999 2695 1081 2760 κατά
1109 2695 1223 2783 σάρκα.
1283 2698 1393 2786 Ίούιυμ

251 2809 295 2893 τῷ
317 2802 551 2892 παραδείγματι
571 2801 728 2890 χρώμενοι
749 2799 878 2887 αλφυάίς
902 2801 1032 2868 δοκοῦσι
1052 2803 1261 2890 παρεισάγειν
1274 2805 1313 2870 τά
1332 2806 1395 2891 ἄρ-

216 2919 331 3000 ωρηιοι
360 2909 466 2975 αύτάν
487 2907 617 2985 άλάλως
637 2907 885 2996 παραδιδόμενα
906 2908 1078 2996 μυστήρια,
1113 2909 1296 2988 άέξειπείν
1317 2911 1395 2998 ήμίν

252 3016 292 3084 ού
313 3019 420 3102 θέμις,
443 3016 529 3100 ὅμως
551 3015 587 3080 δὲ
608 3018 722 3102 νοῆσαι
744 3014 800 3079 διά
820 3017 886 3081 τείν
903 3015 1077 3102 εἰρημένων
1097 3015 1240 3082 εὔκολον.

342 3144 392 3211 18.
432 3141 519 3208 Ἀλλ’
546 3141 616 3208 ἐπεί
643 3146 698 3205 καί
724 3141 780 3228 τήν
805 3144 985 3229 Περαιικήν
1013 3147 1134 3230 αίρεσιν
1154 3141 1271 3226 νομίζω
1293 3163 1396 3228 φανε-

253 3254 318 3338 ράς
348 3250 555 3315 έκετθείσθαι
582 3251 637 3313 καί
662 3246 718 3312 διά
739 3246 871 3314 πολλάν
891 3247 1026 3335 ἔκδηλον
1046 3252 1255 3336 πεποιηκέναι
1277 3249 1395 3315 διαλα-

243 3360 386 3440 θοῦσαν
406 3361 462 3422 καὶ
482 3357 589 3422 πάντα
610 3357 691 3420 πᾶσι
713 3357 959 3442 συντθεμένην,
991 3353 1260 3443 δποκρύπτουσάν
1289 3379 1322 3421 τε
1336 3355 1396 3423 τδν

216 3464 340 3530 numm
362 3463 430 3544 ίέν,
462 3462 552 3528 δοκοί
577 3462 679 3550 μηδέν
701 3465 876 3550 περαιτέρω
905 3463 1023 3528 τούτοιν
1043 3474 1242 3550 κατηγορεῖν,
1275 3461 1397 3529 ἶκανάν

256 3573 358 3637 δνταν
383 3570 465 3657 πρὸς
484 3573 675 3657 κατηγορίαν
696 3567 803 3634 αύτούν
824 3573 887 3634 τάν
907 3566 969 3634 ὕπ’
992 3569 1099 3636 αἰτῶν
1112 3569 1396 3654 δογμαπζομένων.

343 3699 392 3765 19.
430 3697 562 3783 ’λύοιμεν
584 3696 691 3764 οὖντί
712 3695 858 3776 λέγουσιν
878 3693 909 3763 ολ
931 3699 1103 3784 Σηθιανοί.
1151 3697 1282 3774 Τούτοις
1308 3697 1398 3763 δοκεῖ

254 3807 317 3870 τάν
346 3804 433 3870 ὅλων
461 3806 545 3871 εἶναι
573 3815 654 3893 τρεῖς
685 3801 788 3892 άρχάς
820 3806 1086 3890 περιιορισμένας,
1116 3803 1247 3892 ἑκάστην
1277 3803 1313 3868 δὲ
1334 3809 1398 3870 τῶν

256 3910 365 3998 δργῶν
386 3909 539 4000 ἀπείρους
559 3912 642 3995 ἔχειν
663 3910 824 3995 δυνάμεις.
873 3909 1035 3995 Δυνάμεις
1057 3909 1078 3975 δ
1083 3908 1094 3936 ’
1116 3908 1222 3976 αδτυίν
1244 3909 1398 3992 λεγόντων

326 4123 372 4178 27.
391 4123 466 4196 δίχα]
486 4123 531 4177 διὰ
548 4119 571 4178 C
588 4120 619 4178 Μ
733 4124 777 4178 30.
797 4121 974 4197 ίξυνινισμοδς
992 4119 1014 4178 C
1129 4123 1173 4180 33.
1191 4121 1241 4180 Εν.
1256 4121 1296 4180 Ῑο.
1315 4125 1362 4190 ίθ,
1381 4127 1399 4180 7

254 4218 300 4274 32.
324 4214 579 4272 Ηοιυοεοῑείεοιοα
603 4215 680 4272 verbi
698 4219 764 4288 φησί
781 4215 810 4270 in
830 4232 912 4270 οεοιι
931 4214 1003 4270 fuine
1021 4213 1141 4282 videtur,
1170 4233 1219 4271 cur
1237 4216 1397 4272 intermedia

257 4309 424 4366 exciderent.
546 4310 591 4365 33.
619 4309 664 4365 34.
693 4307 814 4378 νάφθας]
841 4307 971 4378 άνάφθας
995 4304 1017 4364 G
1040 4305 1071 4364 Μ
1186 4308 1232 4364 35.
1257 4309 1286 4363 δέ
1309 4326 1354 4363 om
1378 4306 1400 4364 C

262 4403 307 4458 37.
330 4403 393 4475 ὑπὸ]
419 4402 473 4458 άπὸ
499 4400 520 4457 C
545 4399 576 4458 M
694 4400 739 4456 39.
764 4395 839 4475 ἄλλο]
858 4399 934 4452 ἄλλοι
952 4396 999 4504 ⁰¹
1087 4400 1133 4455 40.
1159 4417 1218 4474 sqq.
1255 4396 1297 4455 Cf.
1318 4417 1400 4474 εοριι
