3002 4958
576 280 694 340 maro.
1226 281 1268 357 35

107 447 242 528 quidem
267 448 370 512 honos
392 465 466 520 csse
489 433 562 520 dicit
582 465 713 530 aarum,
745 448 822 516 auos
845 455 945 524 autem
968 466 1093 530 prauus.
1136 450 1175 524 Et
1197 453 1268 525 ani-

107 573 192 618 ιιι]
219 553 347 635 quidem
371 553 510 616 nonnulli
533 553 638 618 dicunt
660 572 729 616 eum
754 571 816 616 nou
839 563 1017 636 generatam
1040 555 1191 622 dicereet
1205 568 1307 634 nonan

108 662 296 744 perituram,
319 660 445 740 qnando
469 660 563 723 dicat:
595 662 700 726 animo
723 663 852 741 quoeoir
872 663 1064 742 immortalis,
1093 684 1165 728 nam
1187 667 1270 746 quod

106 785 239 848 seraper
259 776 398 830 mooclrm
420 768 592 830 immortale
613 776 669 845 eal,
693 775 725 830 et
747 766 871 848 quando
896 786 951 848 per
972 787 1008 833 se
1030 771 1126 850 ipsam
1150 773 1268 836 moveri

109 891 183 936 eam
211 873 327 938 doceat
349 891 481 954 eamque
503 891 575 938 esso
597 873 779 955 principium
802 874 957 940 morendi
1002 876 1061 940 Alii
1081 883 1183 942 autem
1205 897 1268 962 ge-

109 987 269 1063 neratam,
291 997 355 1044 non
379 989 482 1044 autem
504 982 668 1061 parituram
693 999 749 1060 per
772 981 959 1044 volunlatem
984 982 1043 1044 dei.
1092 983 1151 1050 Alii
1175 983 1267 1046 deni-

109 1106 176 1168 que
212 1089 414 1168 compositam
442 1094 472 1150 et
498 1095 678 1171 generatam
707 1095 736 1150 et
764 1088 946 1168 periturarum
976 1090 1088 1159 etenim
1116 1097 1306 1162 craterense

112 1195 186 1256 eius
211 1201 351 1258 statuere
374 1211 459 1276 auru,
495 1212 672 1275 corpusque
695 1213 763 1266 earn
787 1193 1002 1262 halrerelucis
1024 1195 1140 1278 simile,
1174 1195 1266 1276 quid-

111 1302 190 1381 quid
215 1309 318 1366 autem
346 1307 527 1384 generatum
550 1303 589 1364 sit
613 1301 791 1364 necessario
815 1302 928 1382 perire.
983 1303 1041 1377 Qui
1071 1313 1172 1366 auteur
1204 1304 1266 1368 im·-

110 1408 279 1470 mortalem
299 1425 367 1471 eam
384 1425 456 1470 esse
479 1407 590 1490 dicunt,
613 1407 649 1470 iis
672 1409 861 1488 potissimum
885 1411 1029 1492 nituntur,
1053 1411 1265 1490 quibusetiam

110 1513 229 1576 iudicia
247 1531 320 1576 asse
340 1514 383 1576 oit
399 1520 469 1594 post
492 1521 621 1577 mortem
643 1522 674 1576 et
694 1515 723 1576 in
739 1513 821 1577 Orco
841 1515 1010 1599 tribunalia,
1033 1524 1062 1578 ct
1078 1517 1176 1580 bonas
1194 1520 1266 1598 qui-

111 1619 188 1684 dem
217 1621 337 1684 animas
369 1620 544 1682 mercedem
574 1622 740 1703 consequi,
772 1639 882 1700 pravas
908 1627 1010 1685 autem
1039 1629 1303 1696 consentaneaseo
1357 1601 1361 1612 ¹

111 1744 249 1808 poenas.
295 1725 357 1790 lam
381 1726 503 1808 quidam
526 1728 611 1790 aiunt
639 1727 720 1790 illum
747 1728 846 1790 etiam·
861 1729 1074 1810 migrationem
1096 1731 1262 1801 animaru·

112 1834 325 1916 comprobare
336 1842 377 1906 ‚ct
388 1834 619 1916 transmigrare
643 1835 769 1914 animas,
793 1851 873 1914 quaa
889 1853 1018 1899 numero
1035 1835 1178 1900 definitae
1194 1839 1264 1920 siut,

116 1941 197 2004 elisa
215 1943 248 2003 in
264 1941 323 2005 alia
342 1957 486 2022 corpora,
507 1943 607 2022 prouti
626 1940 769 2023 singulae
786 1959 928 2022 quaeque
949 1950 1135 2025 mereantur,
1159 1951 1191 2020 et
1207 1963 1265 2028 per

115 2047 272 2130 quaedam
297 2045 455 2110 intervalla
478 2051 588 2110 statuto
612 2047 723 2110 remitti
746 2048 775 2112 iu
800 2046 882 2113 lrunc
905 2045 1056 2112 mundum
1070 2068 1178 2114 rursus
1200 2049 1262 2116 do·

116 2162 296 2218 cumentum
309 2151 497 2217 exhibituras
513 2151 676 2216 electionis
689 2171 775 2216 suae.
804 2154 862 2221 Alii
875 2163 992 2235 contra,
1014 2155 1116 2220 locum
1134 2157 1300 2239 adipiscier

115 2264 220 2342 prouti
243 2267 420 2324 mereantur
441 2258 599 2342 singulae,
631 2265 819 2340 utunturque
851 2261 1042 2345 testimonio,
1075 2264 1156 2344 quod
1181 2263 1263 2327 dicat

114 2387 186 2432 cum
209 2368 290 2432 Jove
312 2365 461 2448 quosdam
485 2383 566 2448 esse,
588 2366 666 2430 alios
688 2373 788 2431 autern
812 2385 881 2430 cum
903 2367 969 2432 aliis
992 2368 1049 2432 diis
1065 2387 1259 2434 conversan-

115 2483 166 2540 tes
189 2474 356 2556 proborum
380 2475 524 2555 virorum,
547 2472 662 2536 alteros
685 2479 784 2536 autem
812 2491 930 2552 poenas
953 2473 1084 2538 sullarre
1107 2483 1259 2556 aeternas,

116 2587 270 2662 quotquot
294 2597 387 2660 prava
410 2587 442 2640 et
462 2579 574 2644 iniusta
598 2597 654 2658 per
677 2577 756 2642 hauc
779 2579 869 2640 vitam
892 2583 1147 2660 perpetraverint.
1203 2583 1260 2646 Di-

116 2696 194 2752 eunt
206 2693 307 2750 autem
323 2703 391 2748 cum
407 2685 467 2748 alia
480 2682 585 2768 ripaue
601 2683 715 2766 dicere,
739 2682 797 2745 alia
814 2679 943 2764 appara,
967 2684 1025 2746 alia
1043 2685 1128 2765 prou
1147 2699 1299 2752 rerumto

116 2793 253 2876 vigilare
275 2799 306 2856 et
327 2791 482 2855 somniare
503 2788 609 2872 cipetra
637 2797 669 2852 et
691 2806 770 2870 quaa
792 2795 864 2852 suut
887 2788 1121 2872 eiusdemmodi,
1143 2788 1263 2870 ippaoo

115 2909 231 2972 autern,
253 2899 349 2962 veluti
370 2897 453 2962 bona
476 2902 507 2958 et
529 2896 629 2978 mala,
653 2902 682 2958 ot
703 2894 803 2975 pluo,
827 2893 921 2958 veluti
943 2895 1023 2958 inter
1048 2894 1208 2960 candidum
1232 2903 1262 2960 et

116 3008 239 3090 nigrum
268 3005 385 3068 luscum
416 3003 465 3066 val
495 3002 625 3083 aliquem
655 3001 745 3065 alium
772 3000 920 3064 colorem.
966 3001 1050 3064 Boua
1074 3009 1175 3064 autem
1195 3002 1260 3066 solo

115 3114 244 3196 proprie
267 3111 371 3174 dicere
393 3128 463 3172 eum
486 3109 572 3172 aiunt
594 3126 673 3190 quae
696 3110 852 3189 pertinent
875 3108 913 3177 ed
937 3110 1077 3193 animam,
1100 3129 1179 3192 quac
1203 3116 1261 3176 au-

116 3230 178 3286 tem
202 3220 264 3282 sint
282 3218 425 3299 corporis
448 3222 479 3277 et
502 3221 601 3299 extra,
624 3233 686 3278 uon
709 3215 768 3283 iam
793 3216 918 3298 propria
941 3214 1040 3294 bona,
1071 3214 1127 3278 sed
1152 3215 1299 3297 appel-ts

114 3327 177 3390 lata
211 3328 310 3407 bona,
346 3341 441 3405 saepe
470 3331 571 3389 autem
603 3324 694 3386 etiam
723 3323 823 3389 media
852 3320 1054 3402 appellavisse
1084 3340 1132 3403 aa,
1163 3321 1261 3385 licere

116 3435 198 3498 enirn
231 3432 290 3496 illis
325 3439 356 3494 et
385 3431 468 3494 hene
498 3437 529 3492 et
560 3428 640 3494 mala
670 3427 723 3495 uti.v
779 3429 846 3492 lam
877 3427 1005 3488 virtutes
1032 3444 1074 3488 ex
1094 3427 1196 3506 pretio
1219 3426 1262 3490 ait

115 3541 308 3606 summitates
334 3555 420 3620 essa,
447 3555 482 3600 re
509 3543 610 3602 autem
638 3533 829 3607 medietates.
880 3531 1050 3596 Pretiosius
1082 3532 1161 3599 enim
1188 3532 1261 3596 nihil

115 3649 248 3722 uirtute5
270 3643 416 3727 quidquid
432 3649 533 3706 autem
555 3659 659 3704 earum
674 3639 723 3701 vel
738 3644 903 3719 exsuperet
923 3637 973 3700 vel
993 3635 1115 3716 deiciat
1135 3637 1165 3700 in
1185 3655 1261 3718 pra·

115 3756 241 3818 ritatem
264 3752 431 3833 terminari,
453 3747 547 3811 veluti
570 3752 714 3828 quattuor
736 3744 841 3808 statuit
864 3759 933 3806 esso
951 3745 1099 3806 virtutes:
1121 3742 1298 3823 prodeo-to

115 3863 197 3942 u'am,
220 3859 465 3939 temperantiam,
486 3854 639 3934 iustitiam,
662 3849 880 3915 tortitudinem.
924 3849 1036 3912 Harum
1055 3866 1261 3930 unamquam-

115 3984 177 4047 que
207 3963 347 4026 comitari
378 3961 438 4024 duo
467 3962 554 4039 vitia,
588 3976 646 4038 per
673 3957 922 4036 exsuperantiam
952 3961 982 4015 et
1010 3953 1259 4035 deminutionem,

115 4071 210 4134 veluti
238 4070 431 4152 prudentiam
462 4063 695 4146 imprudentiam
729 4080 787 4142 per
817 4061 1076 4144 deminutionem,
1108 4061 1260 4124 callidita-

115 4185 174 4240 tem
200 4183 299 4240 autem
322 4193 380 4256 per
403 4172 659 4254 exsuperantiam,
680 4168 912 4250 temperantiam
935 4173 1035 4231 autem
1060 4167 1259 4230 incontinen-

114 4315 159 4370 ll.
197 4316 317 4373 ulteriore
344 4309 387 4364 M:
418 4311 562 4368 alermum
587 4303 628 4359 0:
659 4307 780 4366 αἰωνίους
804 4305 884 4376 uulgo
1002 4305 1046 4362 51.
1075 4323 1138 4374 φησι
1178 4302 1260 4356 W01.

116 4407 182 4460 flua:
213 4425 281 4476 poca
296 4403 378 4472 uulgo
487 4401 530 4457 53.
550 4416 630 4468 qqorr
648 4395 805 4470 Roeperurr
825 4416 909 4469 φασιν
926 4397 1006 4466 rulgo

927 4492 976 4556 3·
