3056 4970
619 295 865 356 VALENTINIANI.
1251 295 1315 361 975

167 454 221 538 sIs‚
242 455 424 542 Autophyes
439 465 471 523 et
485 459 626 546 tiedone,
649 459 798 525 Acinetos
821 467 853 524 et
874 459 1043 543 syncrasis,
1066 458 1261 545 Monogenes
1285 474 1316 527 et

167 559 313 626 IIacarIa.
357 562 395 626 Ili
419 571 491 628 sunt
510 564 618 628 decem
641 564 683 628 illi
702 581 828 646 aeones,
852 581 931 646 quos
954 561 1005 627 alii
1028 562 1152 644 quidem
1176 583 1193 627 a
1213 566 1315 632 Mente

169 674 201 729 et
223 667 360 732 ilaritate
382 677 541 753 repetunt,
577 671 626 735 alii
657 676 759 736 autem
790 690 807 734 a
830 671 918 754 Logo
941 676 971 750 et
994 669 1070 734 Vita.
1123 671 1185 734 Atii
1207 691 1314 739 rursus

169 770 330 838 duodecim
358 775 428 840 illos
457 777 495 841 ab
527 777 658 842 Homine
687 786 718 841 et
746 778 900 863 Ecclesia,
934 776 983 841 alii
1014 796 1032 841 a
1061 776 1150 860 Logo
1181 787 1212 842 et
1233 779 1354 860 vitato

169 878 278 960 quibus
300 879 380 948 haec
402 887 526 948 nomina
550 885 777 968 gratitioantur:
813 883 989 947 Paracletus
1011 891 1042 947 et
1072 884 1179 964 Pisto,
1211 887 1313 951 Patri-

168 1003 223 1050 cus
248 995 281 1051 et
300 989 401 1071 Elpis,
432 990 577 1056 IIetricus
600 1001 632 1056 et
652 989 777 1076 Agape,
800 991 919 1056 Aeinus
941 998 974 1054 et
995 990 1130 1074 synesis
1154 991 1315 1058 Ecclesia·
1384 993 1385 997 ’

167 1095 262 1160 sticus
285 1105 317 1160 et
338 1096 534 1177 IIacariotes,
558 1098 702 1164 Theletus
725 1105 756 1162 et
777 1097 902 1180 SophIa.
946 1097 993 1162 lin
1017 1096 1179 1162 duodecim
1210 1107 1311 1163 autern

168 1200 225 1264 ittir
249 1201 450 1268 duodecimus
474 1213 506 1269 et
528 1212 600 1270 natu
625 1206 767 1270 misimus
791 1205 924 1270 omnium
940 1206 1048 1289 IIginti
1073 1211 1145 1269 octo
1170 1223 1312 1290 aeonum,

169 1309 221 1389 qui
257 1307 421 1376 femininus
460 1320 509 1376 est
537 1320 570 1375 et
602 1313 727 1377 nomIne
759 1319 888 1377 vocatus
918 1309 1054 1393 Sophia,
1089 1312 1351 1394 contemplatusne

167 1415 387 1481 multitudioem
410 1429 441 1482 et
461 1425 646 1502 potestatem
669 1437 812 1502 aeonum,
836 1420 888 1501 qui
902 1436 1107 1503 generavere,
1129 1421 1261 1484 recurrit
1279 1421 1311 1482 In

167 1521 404 1604 profunditatem
428 1526 543 1609 Patris,
572 1535 605 1590 et
626 1528 724 1591 sensit
745 1525 883 1608 reliquos
906 1542 1014 1590 omnes
1043 1543 1179 1608 aeonas,
1202 1533 1310 1608 utpote

167 1637 353 1716 generatos,
375 1650 432 1714 per
454 1634 707 1718 eontuganonem
736 1649 909 1717 generare,
930 1640 1048 1714 patrem
1077 1637 1180 1697 autem
1210 1632 1310 1698 solum

165 1735 302 1820 iringum
324 1740 537 1822 generavisse.
588 1739 692 1804 Voluit
712 1739 805 1823 igitur
827 1739 938 1802 imitari
959 1738 1078 1802 Patrem
1101 1744 1133 1801 et
1154 1756 1308 1822 generare

164 1860 223 1925 per
242 1862 279 1908 se
300 1863 442 1912 morsum
465 1866 483 1912 a
506 1849 652 1932 eonIuge,
674 1855 707 1911 ut
729 1864 770 1909 ne
792 1845 864 1929 quid
887 1844 1016 1909 interius
1026 1845 1116 1909 Patre
1132 1863 1308 1934 opusnper-
1316 1859 1345 1908 nu

164 1947 305 2036 lecisset,
338 1953 452 2035 quippe
479 1955 645 2038 Ignorans,
678 1958 956 2035 nou-generatum
988 1952 1079 2037 illum,
1103 1971 1172 2016 oum
1195 1955 1307 2018 existat

165 2056 345 2140 priuprium
369 2060 584 2124 universorum
607 2067 640 2126 et
659 2059 749 2123 radis
772 2067 804 2124 et
824 2056 1016 2142 profunditas
1039 2064 1072 2123 et
1087 2060 1188 2142 imum,
1211 2077 1307 2142 posse

164 2181 323 2247 generare
341 2182 399 2247 por
422 2185 458 2230 re
480 2168 596 2252 ipsum,
628 2166 772 2248 Sophiam
796 2171 907 2250 autem,-
939 2183 1019 2248 quae
1042 2165 1082 2228 sit
1102 2174 1253 2250 generata
1277 2172 1308 2231 et

163 2275 233 2351 post
253 2270 358 2354 plures
382 2277 467 2356 orta,
502 2273 745 2356 non-generati
768 2279 951 2355 potestatem
974 2271 1092 2336 Iabere
1116 2290 1178 2337 non
1202 2291 1305 2356 posse.

162 2375 196 2440 Ia
218 2387 466 2461 noo-generato
490 2381 722 2465 enim,'inquit‚
746 2387 818 2444 sunt
840 2379 942 2442 omnir
965 2377 1070 2462 umal,
1093 2377 1125 2442 io
1147 2381 1344 2461 generatiseo

165 2489 267 2548 autem
294 2483 470 2552 iequinum
500 2495 549 2553 est
577 2487 731 2552 essentiae
753 2485 984 2569 proiecticIom,
1014 2484 1182 2548 masculum
1205 2493 1306 2550 autem

162 2588 356 2656 iormativum
379 2594 535 2658 essentiIe
557 2613 574 2660 a
598 2593 732 2658 lemineo
755 2595 923 2675 proiectae.
974 2590 1107 2654 Proiecit
1128 2592 1222 2675 Igitur
1243 2592 1307 2657 So-

161 2696 233 2780 phIa
255 2698 316 2764 hoc
338 2700 438 2764 solum
469 2700 553 2784 quod
581 2703 697 2784 potuit,
731 2700 895 2764 essentiam
918 2695 1082 2761 Inlormem
1105 2703 1137 2761 et
1158 2697 1306 2762 Incondi-

161 2811 232 2870 tum.
286 2805 323 2870 Iit
345 2804 407 2872 troo
428 2814 488 2890 est,
520 2808 636 2892 Inquit,
666 2806 749 2889 quod
771 2805 814 2871 ait
837 2805 960 2870 IIoses:
996 2805 1094 2868 uma
1114 2812 1216 2868 cotem
1237 2815 1308 2870 erut

160 2911 325 2976 iocuiditia
346 2921 376 2976 et
398 2915 565 2978 memdito.
608 2915 702 2995 Ilaec,
725 2912 838 2995 inquit,
862 2918 909 2978 est
930 2911 1013 2976 bona
1035 2910 1086 2974 illa
1109 2917 1140 2975 et
1162 2911 1346 2976 caelestissa

160 3015 368 3104 Hierusalem,
399 3022 432 3084 in
455 3038 546 3103 quam
567 3021 708 3104 promisit
729 3019 806 3082 deus
829 3036 864 3082 se
887 3016 1131 3082 Introducturum
1153 3017 1233 3084 tilios
1255 3018 1305 3082 Is·

159 3126 226 3190 rael
261 3125 391 3192 dicens:
433 3129 581 3192 inducam
607 3147 664 3214 eoa
691 3129 725 3192 in
754 3135 870 3190 mona
899 3125 1009 3190 donoro
1043 3124 1184 3206 ticentm
1218 3127 1307 3190 niella

160 3240 192 3352 a?
221 3233 311 3404 Ἥ.
341 3339 415 3404 Ortu
447 3340 541 3425 Igitur
569 3342 651 3405 intus
683 3339 713 3403 in
746 3340 914 3422 pleromate
937 3338 1112 3422 ignorantia
1135 3338 1219 3402 eirca
1243 3338 1306 3403 So-

161 3443 263 3527 phiam
287 3453 318 3509 et
339 3446 526 3512 informitate
548 3448 631 3512 clroa
655 3455 773 3529 partum
797 3445 949 3529 SopIIae,
981 3445 1126 3510 tumultus
1153 3446 1253 3510 extitit
1275 3446 1345 3514 ineu

160 3623 210 3666 roc
227 3603 331 3660 δώδεκα
336 3644 346 3670 ,
365 3607 407 3668 οἷς
423 3604 501 3660 ταῦτα
519 3606 549 3660 ni
568 3603 688 3678 ὀνόματα
701 3608 870 3679 χαρίζονται·
888 3605 1053 3678 παράκλητος
1066 3605 1112 3660 nat
1125 3605 1211 3666 σέσπς
1222 3607 1305 3662 nni.

160 3695 205 3749 99.
223 3695 356 3767 πατρικοῖς
374 3692 397 3751 C
414 3693 454 3752 NI.
491 3693 548 3752 cn.
568 3695 641 3753 Iren.
660 3697 679 3752 l.
698 3697 718 3753 1.
825 3697 957 3771 μητρυιᾶς
975 3692 997 3751 C
1015 3694 1055 3752 st.
1086 3693 1129 3751 CI.
1156 3695 1228 3751 Iren.
1247 3697 1267 3752 I.
1285 3696 1306 3752 I.

160 3783 204 3839 94.
224 3782 338 3860 demonic]
357 3786 455 3847 alcinoo
473 3783 496 3841 (i
511 3784 550 3842 NI.
590 3783 632 3842 CI.
650 3785 723 3841 lren.
743 3786 762 3841 I.
782 3785 802 3841 I.
917 3787 962 3842 94.
984 3785 1028 3840 95.
1053 3786 1216 3859 μακαριστὸς
1236 3783 1259 3841 C
1276 3785 1307 3842 td

160 3873 205 3930 98.
222 3873 400 3946 rayarpndncr
420 3871 441 3930 C
548 3877 576 3930 2.
594 3875 717 3944 ’fluitque
735 3875 784 3930 dii
801 3891 836 3930 an
850 3874 974 3943 Ἰθέέησι
989 3868 1056 3930 edri
1168 3875 1196 3932 9.
1214 3877 1308 3948 γεννῆ-

160 3959 377 4035 conceperas:
396 3964 516 4036 έγέννησσ
532 3959 554 4018 C
572 3963 603 4020 M
734 3958 762 4042 ᾖ]
780 3962 796 4032 ἣ
814 3959 836 4019 C
969 3965 995 4020 6.
1020 3961 1112 4036 γένησῆ
1130 3958 1151 4017 C
1277 3964 1304 4020 8.

131 4103 135 4110 .
159 4047 274 4123 ἀγενήτῳ
294 4047 315 4106 C
430 4052 457 4108 9.
475 4048 634 4125 parented
765 4051 808 4106 II.
826 4052 990 4124 προσέβαλεν
1008 4046 1031 4104 C
1047 4045 1078 4104 NI
1201 4049 1244 4104 12.
1262 4049 1306 4104 mi-

157 4158 270 4213 propper
288 4136 309 4195 C
326 4135 357 4194 NI
465 4139 703 4211 demetrianus]
727 4140 931 4211 εὐκασάσρεστον
953 4135 991 4194 C:
1018 4135 1253 4195 :tamensem
1275 4134 1306 4192 II

161 4228 203 4284 19.
224 4229 268 4284 tt.
298 4225 395 4284 lIIos.
416 4229 440 4295 1,
460 4231 488 4286 2.
607 4230 649 4288 Io.
671 4229 715 4284 17.
739 4227 839 4285 uuor.
860 4230 906 4296 99,
924 4229 957 4286 3:
979 4228 1026 4284 no*
1043 4226 1138 4289 aiodian
1156 4243 1184 4281 oe
1202 4227 1238 4287 tle
1255 4227 1306 4298 γῆν

158 4317 274 4392 ῥέουσαν
292 4319 365 4390 γάλα
382 4317 429 4374 noi
445 4320 522 4394 μέλι,
550 4319 613 4376 coll.
638 4316 706 4392 Cap.
725 4319 752 4384 9,
769 4319 804 4374 8:
830 4319 878 4374 arci
902 4321 1057 4391 εέσαγαγιῖν
1080 4313 1175 4377 adroic
1198 4317 1235 4376 ate
1255 4315 1306 4387 γῆν

159 4405 270 4485 ἀγαθὴν
287 4407 333 4461 xci
350 4406 457 4474 nullia,
475 4411 512 4470 alc
528 4409 580 4482 γῆν
598 4407 713 4481 ῥέουσαν
730 4407 802 4480 yciln
825 4407 872 4462 arci
888 4409 949 4480 pallo
967 4425 991 4461 κ.
1009 4423 1029 4460 r.
1048 4405 1072 4458 t.

911 4503 979 4568 18·
