3052 4984
246 325 309 392 418
353 325 594 410 (ηκτοι-του.)
680 327 972 403 κατοικτίζετο.

244 499 309 559 θέν
330 494 466 568 έκείναις
488 493 620 558 ἄνωθεν
649 504 718 570 ταίς
745 493 985 571 πολυποικίλοις
1016 494 1137 571 ίδέαις,
1172 498 1268 581 πῆξιν
1296 495 1394 578 ἔλαβε

245 607 299 665 καὶ
324 599 496 679 άνεδέξατο
524 602 580 676 τάς
610 599 700 676 ἰδέας
728 602 783 677 τάς
815 603 947 666 ἄνωθεν
969 599 1100 678 ἁπάσας
1123 601 1189 666 άπδ
1213 607 1268 667 τοῦ
1289 605 1394 688 τρίτου

247 710 365 784 αίῶνος
385 711 441 773 τοῦ
461 706 747 793 τριπλασιάσαντος
769 705 876 774 αὑτόν.
915 707 953 772 ‘O
977 707 1012 772 δέ
1035 709 1117 774 αίδν
1138 705 1230 786 οὖτος
1252 708 1269 774 ὑ
1292 713 1396 795 τρίτος

246 817 318 892 τοὺς
339 819 539 902 χαρακτῆρας
565 813 695 896 βλέπων
722 816 847 891 πάντας
875 813 1011 902 άδρόως
1040 815 1111 892 τοὺς
1141 815 1256 881 ἑαυτοῦ
1282 817 1327 891 είς
1357 816 1394 880 ιδ

210 939 238 988 95
247 921 455 1007 ὑποκείμενον
476 923 560 988 κάτω
583 921 693 998 σκότος
714 922 996 1008 κατειλημμένους,
1031 922 1088 1008 τῆν
1116 947 1148 987 τε
1177 922 1315 1007 δύναμιν
1336 927 1396 988 τοῦ

248 1031 377 1106 σκότους
392 1029 450 1096 οὑκ
466 1028 593 1110 α’γνοῶν
611 1029 617 1116 Ι
637 1035 690 1093 καί
703 1033 737 1093 τδ
750 1028 870 1115 α’φελὲς
891 1034 947 1094 τοὺ
968 1031 1073 1115 φωτός
1095 1029 1178 1114 ὁμοῦ
1200 1037 1254 1095 καὶ
1276 1032 1394 1116 ἄφθο-

246 1162 320 1217 νον,
355 1137 413 1203 οὐκ
439 1141 545 1203 εἴασεν
575 1137 628 1202 ἐπὶ
659 1136 744 1202 πολι)
770 1137 842 1213 τοὺς
873 1139 1047 1223 φωτεινοὺς
1076 1142 1277 1225 χαρακτῆρας
1305 1139 1396 1201 οἴνω-

247 1251 310 1312 θεν
329 1245 393 1312 ὑπό
415 1250 471 1310 τοὺ
494 1244 624 1320 σκότους
645 1245 729 1309 κάτω
751 1249 1043 1332 κατασπασθῆναι·
1067 1244 1153 1310 άλλά
1175 1247 1237 1331 γάρ
1257 1243 1396 1322 ὑπέταξε

248 1366 312 1430 τοϊς
334 1355 428 1418 αίῶσι
453 1353 651 1440 [στερέωμα].
696 1353 877 1438 Στερεόσας
899 1349 957 1418 οὑν
979 1353 1142 1430 κάτωθεν,
1166 1359 1231 1416 καί
1249 1351 1395 1434 διεχιό-

227 1481 363 1549 τρισεν
384 1460 461 1526 α’νδι
483 1464 604 1545 μέσον
623 1463 692 1526 τοῦ
715 1462 877 1537 σκότους
899 1466 962 1525 καί
984 1459 1061 1526 α’νοὶ
1083 1463 1205 1545 μέσον
1225 1463 1291 1525 τοῦ
1314 1483 1396 1544 φω-

249 1570 325 1646 τός,
349 1573 415 1632 καὶ
435 1567 600 1632 ἐκάλεσε
621 1569 662 1631 τδ
686 1571 768 1653 φῶς
789 1566 952 1654 ἡμέραν,
985 1567 1003 1632 δ
1030 1565 1080 1655 ῆν
1113 1566 1301 1653 ὑπεράνω
1329 1569 1396 1630 τοῦ

251 1675 537 1762 στερεοίματος,
561 1679 630 1737 καί
652 1673 694 1738 τὸ
717 1673 855 1751 σκότος
886 1673 1058 1740 ἐκάλεσε
1090 1675 1221 1739 νόκτα.
1275 1677 1397 1737 Πασῶν

250 1782 328 1862 οὑν,
351 1782 394 1859 ὑς
414 1783 505 1868 ἔφην,
527 1787 591 1846 τῶν
612 1781 756 1868 άπείρων
779 1787 834 1846 τοῦ
856 1786 958 1867 τρίτου
978 1783 1097 1857 αῑοῖνος
1118 1781 1215 1846 ίδεῶν
1237 1779 1396 1868 α’πειλημ-

227 1895 357 1977 εμένων
378 1890 415 1956 έν
435 1890 533 1977 τούτῳ
555 1894 599 1977 τῷ
620 1890 786 1976 κατωτάτην
810 1890 926 1977 σκότῳ,
961 1893 1015 1952 καί
1048 1885 1146 1952 αὑτοῦ
1170 1892 1227 1952 τοῦ
1253 1888 1396 1952 τοιοότοο

252 2001 370 2074 αλοῖνος
391 1995 683 2084 λναπεσφράγισται
703 1997 782 2080 μετὰ
812 2001 875 2061 τῶν
904 1996 1028 2061 λοιπῶν
1049 1997 1083 2060 τό
1107 1993 1299 2079 έκτὺπωμα,
1329 1999 1395 2080 πῦρ

253 2103 314 2180 ζῶν
336 2104 402 2171 α’πδ
426 2107 533 2189 φωτός
553 2105 738 2187 γενόμενον,
762 2103 845 2169 ὅθεν
867 2101 885 2168 ὁ
907 2107 1006 2187 μέγας
1029 2104 1138 2192 ἄρχων
1159 2103 1301 2182 ἐγένετο,
1323 2107 1396 2186 περί

251 2209 291 2278 οὑ
313 2211 396 2293 λέγει
418 2216 579 2298 Μωῦσῆς·
629 2210 687 2275 Ἐν
710 2210 810 2302 α’ρχῆ
840 2211 1029 2297 ἐποίησεν
1059 2209 1081 2278 ό
1114 2212 1211 2286 θεὸς
1237 2213 1306 2274 τὸν
1331 2208 1396 2273 οὑ-

252 2322 384 2406 ρανδν
404 2326 472 2384 καὶ
493 2320 556 2405 τῆν
575 2323 653 2404 γῆν.
702 2324 823 2385 Τοῦτον
855 2318 938 2400 λέγει
970 2323 1114 2404 Μωῦσῆς
1145 2318 1281 2404 πόρινον
1312 2317 1396 2380 θεὸν

216 2451 244 2502 10
254 2428 321 2494 α’πδ
342 2432 397 2492 τοῦ
419 2429 517 2510 βάτου
541 2425 734 2513 λαλῆσαντα,
756 2430 910 2492 τουτέστιν
933 2424 1000 2491 άπὸ
1022 2433 1078 2492 τοῦ
1100 2429 1260 2491 σκοτεινοῦ
1282 2423 1394 2510 δέρος·

253 2536 365 2622 (βάτος
386 2535 448 2620 γάρ
472 2534 535 2599 έστι
557 2537 623 2610 πάς
645 2533 662 2598 ὑ
685 2535 786 2599 σκότει
808 2533 1014 2619 ὑποκείμενος
1035 2533 1115 2621 α’ῆρ)
1136 2535 1236 2618 βάτον
1258 2533 1304 2610 δέ,
1329 2555 1393 2618 φη-

253 2649 319 2722 σίν,
347 2647 450 2729 εἴρηκε
479 2646 636 2727 Μωῦσῆς,
668 2642 714 2706 ὅτι
744 2643 876 2708 ἄνωθεν
906 2641 991 2707 κάτω
1021 2649 1124 2708 πᾶσαι
1158 2641 1310 2728 διέβησαν
1339 2643 1395 2705 τοῦ

252 2752 357 2836 φωτδς
386 2746 422 2813 αλ
455 2749 541 2813 ίδέαι
562 2750 661 2832 βατδν
682 2749 811 2830 ἔχουσαι
833 2751 888 2815 τὸν
908 2749 1001 2836 άέρα.
1047 2748 1152 2814 Οὐδὲν
1174 2748 1211 2813 δὲ
1231 2745 1322 2836 ἧττον
1342 2752 1396 2812 καί

252 2861 329 2946 ῆμίν
350 2857 369 2922 ὑ
392 2857 486 2938 λόγος
508 2857 574 2922 δπδ
597 2862 651 2922 τοῦ
680 2859 779 2940 βάτου
808 2857 1006 2942 γνωρίζεται,
1042 2857 1133 2944 φωνῆ
1161 2857 1223 2942 γάρ
1253 2856 1316 2920 έστι
1339 2874 1395 2941 ση-

217 2967 384 3051 τομαντικῆ
405 2969 460 3029 τοῦ
484 2963 581 3045 λόγου
605 2965 820 3050 πλησσόμενος
852 2963 933 3051 α’ῆρ,
965 2959 1004 3028 οὑ
1035 2963 1109 3046 δίχα
1138 2961 1231 3042 λόγος
1257 2961 1395 3047 άνδρό-

252 3095 345 3148 πινος
367 3069 406 3136 οὑ
427 3071 616 3157 γνωρίζεται.
662 3071 712 3136 Οδ
731 3071 835 3155 μόνον
856 3072 892 3136 δὲ·
912 3071 930 3137 δ
953 3069 1048 3152 λόγος
1070 3069 1146 3157 ῆμίν
1167 3068 1235 3134 άπδ
1257 3073 1312 3134 τοῦ
1333 3069 1395 3152 βά-

252 3202 325 3258 του,
348 3183 503 3244 τουτέστιν
526 3178 638 3265 άέρος,
661 3183 833 3262 νομοθετεῖ
852 3183 906 3243 καί
928 3178 1202 3263 συμπολιτεύεται,
1226 3175 1312 3240 ἄλλά
1333 3178 1395 3264 γάρ

253 3294 308 3351 καί
329 3286 426 3370 δσμαὶ
447 3291 502 3351 καὶ
521 3285 673 3373 χρόμαια
696 3286 751 3351 διά
783 3291 837 3352 τοῦ
867 3285 963 3373 άέρος
994 3285 1069 3372 ῆμίν
1090 3285 1147 3360 τδς
1169 3285 1321 3367 δυνάμεις
1340 3284 1397 3358 τδς

253 3393 375 3460 ἑαυτῶν
396 3393 634 3480 ἐμφανίζουσιν.

217 3515 247 3563 κο
343 3499 392 3564 10.
438 3495 539 3573 Οὑτος
560 3495 618 3561 οὑν
640 3496 658 3561 δ
681 3495 851 3582 πυροειδῆς
873 3498 967 3574 θεός,
1000 3493 1105 3582 δπῦρ
1127 3495 1195 3560 άπδ
1218 3495 1323 3581 φωτός
1343 3519 1396 3575 γε-

256 3607 407 3689 νόμενος,
430 3609 582 3691 πεποίηκε
604 3603 659 3668 τδν
681 3605 801 3688 κόσμον
823 3603 937 3682 οὑτως,
961 3602 1003 3680 ὑς
1025 3609 1102 3690 φησί
1117 3608 1279 3690 Μωϋσῆς,
1302 3601 1396 3678 αὑτὸς

256 3718 301 3778 τόν
324 3712 554 3790 άνυπόυτατος,
585 3711 694 3787 σκότος
717 3711 797 3794 ἔχων
817 3711 872 3797 τῆν
894 3710 1026 3790 οδσίαν,
1056 3709 1227 3796 ἐνυβρίζων
1256 3709 1307 3775 δεῖ
1332 3720 1397 3786 τοϊς

256 3815 512 3900 κατειλημμένοις
542 3816 676 3880 ἄνωθεν
698 3815 783 3880 κάτω
804 3819 860 3880 τοῦ
879 3817 883 3904 Ι
904 3816 1009 3901 φωτδς
1030 3816 1172 3889 αἰωνίοις
1195 3817 1397 3900 χαρακτῆρσι.

328 3975 372 4028 οε.
393 3971 483 4042 τωο]
504 3971 584 4026 ..τοι
602 3969 624 4027 c
642 3971 671 4028 υ
822 3974 866 4028 σε.
886 3973 991 4045 τηετις]
1011 3971 1129 4043 &aqam
1147 3968 1169 4025 c
1187 3969 1226 4025 υ.
1264 3955 1306 4024 ει.
1325 3970 1396 4025 ωε.

254 4067 273 4123 1.
293 4063 331 4131 X,
352 4083 376 4120 ο.
397 4066 439 4118 16.
462 4081 489 4135 p.
509 4065 571 4119 ³24.
592 4066 634 4121 ed.
654 4063 706 4120 Ox.
745 4063 872 4120 Correxit
889 4068 941 4120 iam
962 4064 1129 4136 Βετοεγτὶυε
1144 4063 1172 4117 in
1193 4066 1234 4134 Εμ
1260 4066 1342 4116 αι’ίίτ
1363 4065 1399 4116 ατί

256 4161 411 4214 ίίυιιιειάυυι
437 4155 581 4230 (Bunsenii
607 4160 733 4211 Analecta
761 4160 961 4212 Αυίτ-Νἰοοειιιι
988 4156 1050 4211 vol.
1078 4152 1125 4210 111.
1154 4172 1180 4226 p.
1200 4156 1263 4209 ³07.
1281 4153 1308 4208 8.
1328 4153 1397 4226 not.)

256 4255 300 4308 99.
331 4252 409 4306 αίῶσι
438 4252 581 4322 στερέωμα.
635 4248 785 4318 Στερεόσας
818 4245 875 4323 οὖν]
909 4251 994 4304 αίῶσι.
1049 4247 1200 4318 Στερεόσας
1233 4241 1281 4300 οὑν
1308 4243 1330 4300 C
1353 4243 1396 4299 M:

258 4345 335 4399 αίόίοι
359 4345 495 4415 στερέωμα
522 4341 640 4413 οὐρανοῦ
669 4338 835 4411 Βυτυεχεὶυε
865 4342 883 4395 1.
910 4342 929 4395 1.
978 4339 1020 4396 Cf.
1045 4341 1114 4395 infra
1140 4358 1167 4411 ρ.
1188 4340 1250 4394 ³24.
1276 4338 1319 4392 ed.
1344 4333 1396 4390 Ox.

255 4435 377 4496 ἐποίησεν
395 4429 526 4500 οὑρανόν,
544 4431 590 4484 καί
607 4431 691 4503 μέσον
709 4431 792 4497 πῆέιις
815 4435 839 4484 κ.
855 4433 917 4484 τί.
1094 4429 1192 4484 99-3.
1220 4425 1262 4480 Cf.
1292 4426 1304 4480 1
1325 4423 1395 4480 Mos.

259 4521 284 4585 1,
301 4521 328 4574 4.
349 4521 375 4573 5.
395 4521 420 4574 7.
440 4520 486 4574 καί
503 4519 658 4594 διεχώρισεν
675 4520 690 4574 ὁ
708 4521 771 4581 θεὸς
799 4519 852 4576 άνὺ
879 4523 963 4594 μέσον
985 4521 1030 4575 τοὺ
1059 4520 1146 4593 φωτὸς
1169 4517 1215 4571 καί
1239 4514 1292 4569 ἀντὶ
1314 4517 1399 4587 μέσον
