3006 4976
600 323 777 382 usnssnm.
837 310 841 324 “
1201 317 1262 386 169

119 499 153 556 el
174 491 358 556 occultatum
382 498 415 556 et
438 490 648 556 absconditum
668 490 699 556 in
720 490 910 574 habitaculo,
944 477 995 556 uhi
1016 490 1105 556 radix
1128 489 1262 555 omnium

120 600 250 664 tundata
274 607 341 682 est,
360 615 526 680 aevorum,
548 604 750 683 potestatum,
773 598 1012 682 cogitationum,
1035 597 1179 679 deornm,
1203 615 1263 660 an-

120 705 279 787 gelorum,
314 705 472 786 spirituum
503 702 730 788 delegatorum,
764 721 887 787 eorum,
919 719 999 782 quae
1029 708 1099 766 sunt
1122 719 1302 783 quaequctt

122 829 188 874 non
210 815 297 891 sunt,
327 815 489 893 natorum,
512 826 576 874 noo
597 817 757 894 natorum,
782 806 1151 893 incomprehensibilium,
1174 825 1264 872 com-

121 914 384 997 prehensibittum.
408 931 569 999 annorum,
592 915 750 999 mensium,
773 913 902 995 dierum,
919 912 1073 996 horarum,
1096 916 1200 994 puncti
1212 914 1264 976 in-

123 1021 230 1104 dirisi,
258 1039 300 1085 ex
331 1037 392 1102 quo
421 1019 581 1084 exorditur
607 1020 761 1086 minimum
783 1037 928 1085 crescere
949 1036 1006 1101 per
1028 1025 1143 1102 partes.
1185 1018 1265 1082 Nihil

122 1127 273 1208 existens,
296 1128 403 1210 inquil,
425 1135 455 1190 et
478 1144 519 1190 ex
540 1125 636 1192 nihilo
660 1135 806 1192 constans
829 1133 988 1208 punctum,
1012 1125 1172 1190 indivisum
1194 1145 1262 1189 cum

122 1231 175 1315 sit,
194 1231 347 1313 paullatim
370 1230 518 1312 procedet
540 1231 572 1296 in
594 1232 835 1315 magnitudinem
856 1231 1009 1313 quandam
1024 1231 1304 1314 incomprehen·oo

43 1345 48 1352 “
123 1337 256 1402 sihitenr.
301 1337 394 1422 ilaec,
423 1339 536 1423 inquit,
567 1346 613 1403 est
634 1356 763 1421 regnum
788 1338 961 1423 caelorum,
990 1357 1118 1421 granum
1141 1338 1266 1423 sinapis,

125 1442 212 1525 quod
234 1442 394 1508 indivisum
416 1445 497 1508 inest
516 1445 547 1508 in
570 1461 704 1527 corpore
728 1450 889 1528 puuctum,
921 1442 1005 1525 quod
1028 1445 1129 1527 norit,
1159 1444 1265 1529 inquit,

125 1568 218 1614 nemo
240 1551 299 1614 nisi
321 1550 495 1633 spirituales
517 1549 586 1616 soli.
630 1551 714 1634 Hoc,
734 1551 848 1632 inquit,
872 1557 920 1614 est
941 1548 1053 1614 dictum
1074 1549 1167 1614 illud:
1197 1551 1267 1616 Non

123 1665 197 1722 msc
214 1675 371 1722 acrum
390 1675 489 1740 aeque
510 1657 660 1742 loquelae,
682 1677 811 1740 quorum
833 1676 896 1720 aon
917 1657 1083 1720 oudiuntur
1106 1675 1266 1722 occeseo-

122 1781 201 1824 ruas
245 1761 330 1826 ilaec
351 1765 397 1827 sic
419 1761 606 1846 conhugnnt,
629 1762 668 1828 ah
694 1762 835 1828 omnihus
855 1761 1029 1827 hominihus
1044 1779 1125 1846 quae
1144 1761 1194 1826 vel
1214 1761 1304 1828 uti-oo

125 1874 239 1932 cuntur
259 1867 308 1932 sel
339 1875 485 1953 aguntur,
508 1868 547 1933 ad
580 1886 666 1933 suam
698 1875 850 1952 mentem,
896 1868 1063 1949 spiritualia
1094 1868 1265 1933 dictitantes

125 1973 231 2038 omniu
256 1973 332 2038 fieri.
386 1974 488 2048 Quare
517 1981 547 2038 et
578 1990 651 2058 eos,
683 1975 735 2055 qui
757 1976 787 2037 in
807 1973 934 2037 theatris
956 1981 1052 2038 ortem
1075 1973 1265 2056 profitentur,

125 2081 230 2144 dicunt
244 2097 284 2144 ne
297 2081 383 2161 ipsos
396 2079 522 2160 quidem
540 2081 608 2144 sine
631 2081 755 2144 numine
777 2080 943 2162 quidquam
966 2081 1051 2161 toqui
1074 2087 1127 2146 aut
1148 2080 1262 2147 iacere.

127 2184 213 2268 Ergo
237 2187 344 2272 igitur,
366 2185 481 2270 inquit,
505 2203 574 2253 cum
596 2187 710 2267 populo
732 2185 763 2250 in
785 2185 912 2251 theatris
935 2195 1127 2270 congregato
1152 2186 1264 2271 ingre-
1368 2196 1372 2204 “

126 2289 208 2354 ditor
236 2292 384 2372 quispiam
413 2290 535 2355 indutus
566 2298 684 2355 restem
709 2293 879 2376 insignem,
908 2292 1054 2356 citharam
1083 2301 1208 2375 gestans
1232 2302 1305 2360 etoo

124 2395 277 2480 psallens,
300 2397 345 2460 sic
365 2395 440 2460 dicit
460 2414 577 2462 canens
600 2414 710 2479 magna
733 2399 892 2482 mysteria,
919 2399 1045 2481 ignarus
1068 2398 1139 2478 quid
1162 2398 1262 2463 dieat:

123 2503 199 2566 Siue
220 2501 349 2566 Saturni
367 2522 475 2584 geom,
498 2504 565 2568 aloc
581 2503 666 2568 Ionis
687 2503 781 2582 hecti,
808 2505 875 2568 ricc
896 2504 1001 2568 Meae
1015 2523 1157 2585 magnae,
1178 2507 1265 2570 soloe

124 2608 226 2672 debile
246 2610 422 2672 mutilaturus
442 2609 564 2692 Meae,
594 2609 683 2676 Attia.
734 2611 775 2674 re
796 2617 911 2674 cocunt
932 2610 1053 2692 Assyrii
1075 2619 1121 2674 ter
1142 2611 1266 2674 deside-

123 2721 226 2776 rurus·
256 2713 400 2792 Adonin,
430 2723 523 2780 cocci
549 2722 651 2778 nutem
677 2716 833 2796 Aegyptus
860 2713 976 2792 Osirin,
1004 2716 1137 2778 coeleste
1157 2716 1266 2780 dieuco

124 2839 223 2882 coras
244 2822 366 2899 Gracci,
389 2828 445 2884 out
463 2830 565 2886 colum
587 2821 781 2899 Hercurium,
803 2821 1021 2884 Samothraces
1042 2820 1185 2885 Adomuo
1205 2833 1305 2886 oc-ue

124 2925 304 3004 montem,
326 2927 489 2992 Haemonii
507 2927 720 3008 corporalem,
741 2913 1029 3008 erumperetur
1051 2927 1177 3008 Papum,
1200 2928 1264 2990 cli-

123 3032 249 3113 puendo
271 3040 371 3096 cumas
391 3041 551 3110 morhasm,
574 3041 631 3096 cui
650 3033 749 3110 deuna
771 3040 827 3096 cut
838 3033 983 3110 sterilem,
1004 3040 1060 3096 oct
1079 3034 1266 3116 comeatum,

124 3139 332 3202 concordem
353 3139 481 3204 crtum
502 3139 681 3216 demessum
711 3147 768 3202 out
786 3156 875 3220 mon
894 3137 992 3216 serum
1009 3139 1155 3219 pariebat
1175 3157 1265 3220 omp-

123 3243 237 3323 gdotur
264 3245 364 3308 cirum
391 3245 600 3324 firmlctorcm.
650 3244 739 3309 Hunc
768 3244 809 3308 oit
838 3261 910 3308 esse
937 3243 1152 3309 multiiormem
1173 3245 1266 3328 Attin,

124 3365 216 3428 quem
240 3347 353 3431 hymno
376 3348 569 3414 celebrantes
591 3349 695 3414 dicunt
717 3350 775 3414 ito:
803 3349 888 3414 Attia
910 3350 1042 3414 coatoho
1053 3351 1306 3431 Rleoepiliemto

131 3621 160 3675 p.
171 3603 301 3674 ldisqq„
320 3601 419 3657 deinde
438 3619 453 3656 a
472 3601 631 3659 Godoirado
649 3601 810 3661 Hermanno
828 3605 856 3660 in
875 3607 991 3661 nemeto
1008 3609 1054 3661 der
1071 3607 1163 3677 ioaigl.
1180 3609 1264 3661 auch.

127 3695 294 3760 vacuabit
310 3695 355 3746 der
377 3693 590 3762 Wasseacclotleu
607 3699 636 3750 ia
653 3697 755 3768 [ἡμᾶς
774 3697 843 3754 telo
860 3715 889 3769 p.
911 3697 923 3751 1
944 3713 1013 3772 sqq..
1040 3697 1118 3750 cuius
1137 3695 1266 3768 disputa-

126 3784 229 3840 tionem
248 3783 377 3855 expendit
395 3781 623 3841 Schneidewinns
641 3785 670 3842 in
688 3790 861 3846 declamitas
877 3807 926 3844 eoa
943 3791 989 3843 der
1009 3790 1040 3844 0.
1060 3789 1094 3842 A.
1115 3789 1268 3844 emmor

125 3879 181 3930 aaa
197 3879 242 3930 uer
259 3878 363 3948 senec
383 3879 549 3946 ommonem
565 3881 611 3934 aa
634 3881 846 3948 mmmm.
864 3899 896 3936 aa
915 3883 1047 3952 commea
1068 3878 1146 3934 1852.
1165 3877 1217 3935 No.
1237 3882 1266 3936 7.

125 3984 154 4038 p.
177 3967 225 4020 101
245 3984 304 4039 sqq.
342 3963 485 4021 Postremo
503 3965 556 4022 Ti.
576 3967 712 4040 Berghius
731 3973 805 4026 Poctt.
824 3973 884 4044 dgr.
908 3989 936 4043 p.
958 3971 1023 4025 1041
1046 3987 1155 4025 carmen
1174 3988 1265 4044 appo-

126 4055 209 4112 suit.
295 4057 341 4112 ³8.
367 4057 448 4129 μηδ’]
465 4055 544 4130 pic
657 4061 702 4115 40.
728 4063 805 4115 aleius
823 4059 845 4116 C
864 4059 894 4116 Μ
1018 4063 1063 4116 44.
1092 4061 1211 4133 ἅκρισμα
1230 4060 1263 4116 G.

125 4143 321 4201 Hermannus:
350 4148 474 4221 circumeo
500 4146 523 4203 C
547 4147 578 4204 hi
691 4152 735 4206 411.
762 4155 836 4206 aulai
853 4151 882 4206 δ’
902 4151 1062 4223 Rneperus:
1084 4149 1129 4218 disp
1148 4151 1177 4205 δ’
1197 4148 1219 4205 C
1236 4151 1267 4206 111

125 4240 171 4293 dd.
194 4241 297 4308 cop-inv
321 4249 480 4311 corruptum
506 4249 557 4295 est.
595 4239 752 4296 Desiderari
771 4241 880 4316 ‘Bppmri
904 4243 1069 4298 mentionem
1093 4251 1206 4311 apparet
1232 4258 1266 4294 ex

126 4347 153 4401 p.
166 4330 218 4384 144
235 4347 304 4402 sqq..
322 4330 375 4385 alai
389 4331 461 4386 iorle
474 4331 502 4386 in
516 4349 584 4386 roco
602 4333 781 4404 captantum
793 4333 894 4405 Λόγων
1008 4333 1052 4386 st.
1067 4331 1194 4402 'Accepere
1211 4328 1264 4386 Th.

124 4417 264 4490 Barghius
282 4421 301 4474 1.
321 4421 350 4486 1.,
367 4421 430 4476 coll.
450 4419 572 4494 flaspoh.
589 4439 611 4476 s.
623 4440 647 4476 r.
658 4423 821 4496 'adoperire
837 4419 997 4495 'Addthl
1071 4419 1265 4492 Atptmscht
