3006 4976
753 223 761 252 l

581 297 830 356 enuntiatione.
1231 299 1275 364 83
1373 380 1378 388 ⁸

122 455 200 538 plss
215 457 380 538 prudentia
403 477 493 542 quam
516 460 632 526 robore
654 463 823 544 pollentes,
860 465 1067 546 praesentium
1100 483 1203 529 rernm
1226 469 1275 530 ir·-

123 565 259 648 risores,
287 563 432 649 litterati,
460 567 528 653 lidi,
558 569 701 652 litigiosi,
738 571 769 632 in
806 588 910 652 pugns
945 570 1133 656 irritatores,
1169 571 1274 636 tinini·
1352 591 1361 606 ·

124 671 214 754 noni,
241 689 407 753 puerorum
430 673 586 738 amoribus
602 676 803 760 insanientes,
827 677 1020 760 negligentes
1041 677 1174 742 ismiliae
1187 693 1308 764 suae,ts

123 775 163 840 ad
189 779 292 842 omnia
315 781 445 863 morosi,
467 782 676 866 inonsatores,
699 783 730 843 in
753 782 827 844 vino
853 783 973 864 vesani,
1005 786 1106 848 omnia
1134 803 1192 866 pro
1221 789 1272 849 ni-

123 881 188 946 trito
212 881 380 970 habentes,
415 887 513 952 verbo
548 887 663 974 aliquid
697 889 895 971 abiieientes,
927 889 964 952 od
993 891 1153 955 amicitiam
1183 891 1273 956 utiles

125 998 254 1072 propter
276 991 459 1072 ltonitatem;
482 1000 516 1058 nt
538 995 696 1076 plurimum
710 995 750 1058 'in
775 995 875 1058 atiena
894 999 980 1058 terra
1005 997 1185 1060 moriuntur.

214 1197 267 1266 16.
311 1203 370 1276 Qui
392 1211 494 1268 antem
517 1206 575 1269 sub
599 1206 717 1288 Tauro,
740 1203 799 1268 hae
822 1211 912 1268 esunt
934 1208 1053 1288 speeie:
1089 1207 1191 1288 eapite
1213 1225 1293 1271 ro·¹

126 1307 242 1391 tundo,
269 1309 380 1390 capillo
403 1313 522 1398 spisso,
554 1313 655 1379 ironte
683 1313 758 1393 lata,
789 1310 952 1397 quadrato,
983 1313 1080 1377 oeulis
1104 1323 1135 1377 et
1157 1327 1308 1396 snper-to

125 1411 203 1475 oiliis
226 1415 360 1497 magnis,
382 1415 495 1503 nigris,
518 1419 549 1482 in
573 1419 643 1484 albo
666 1437 767 1482 venae
791 1419 939 1502 exiguae,
962 1422 1170 1504 sanguineae,
1200 1420 1270 1501 pal-

126 1518 231 1598 pebris
253 1520 376 1604 amplis,
403 1527 529 1609 crassis,
552 1525 694 1590 audentis
718 1525 853 1608 megnis,
883 1525 989 1587 oribus
1011 1525 1170 1605 rotundis,
1194 1535 1269 1586 naso

126 1643 254 1709 crasso,
289 1627 415 1690 naribus
437 1629 598 1714 rotundis,
625 1629 718 1695 labris
741 1631 871 1706 oraesis;
907 1629 1116 1709 superioribus
1145 1627 1271 1692 ortubus

124 1732 241 1814 valent,
262 1751 330 1796 eum
354 1753 371 1797 a
395 1735 535 1798 eruribus
558 1735 667 1800 infirmi
690 1742 770 1798 sunt.
815 1735 907 1798 lidem
932 1741 1032 1798 autem
1051 1740 1160 1798 natura
1181 1741 1269 1797 sunt:

124 1837 303 1920 placentes,
327 1838 553 1925 intelligentes,
577 1841 707 1925 habiles,
729 1843 788 1926 pii,
818 1842 905 1926 insti,
940 1841 1025 1924 duri,
1050 1839 1197 1923 oilieiosi,
1219 1837 1308 1903 ta-ne

124 1945 242 2008 boriosi
266 1943 458 2009 adnodoeim
482 1947 585 2022 annis,
607 1951 770 2033 rixatores,
793 1948 915 2030 stupidi.
959 1947 1073 2010 llornm
1094 1946 1269 2010 stomachus

125 2053 213 2116 exilis
235 2062 299 2137 est,
321 2045 486 2136 implentur
506 2053 667 2139 celeriter,
691 2055 781 2118 multa
805 2057 973 2138 agitantes,
997 2053 1156 2134 sollertes,
1186 2053 1270 2144 porei

125 2157 156 2220 in
179 2159 402 2241 semetipsos,
433 2159 463 2222 in
489 2158 566 2222 elios
599 2159 694 2243 largi,
728 2160 874 2243 benefici,
910 2176 1044 2241 corpore
1066 2157 1166 2221 tardo.
1223 2158 1269 2220 Ex

125 2271 212 2346 parte
235 2272 309 2328 sunt
330 2267 446 2344 tetrici,
478 2265 626 2330 inouriosi
656 2267 823 2349 amicitiae,
863 2265 951 2330 utiles
974 2272 1103 2346 propter
1126 2267 1268 2364 suentem,

125 2371 346 2436 edomitatinus
368 2373 505 2436 obnoxii.
1039 2403 1045 2412 ·
1278 2372 1308 2424 ³⁰

223 2579 275 2647 17.
331 2580 393 2648 Sub
430 2581 564 2646 Geminis
593 2585 729 2665 species:
765 2583 844 2647 iaoie
874 2581 1019 2660 coccina,
1057 2577 1268 2659 magnitudine

124 2707 187 2753 non
212 2686 375 2752 admodum
401 2707 520 2771 magna,
544 2689 687 2752 membris
701 2687 856 2771 parilibus,
882 2686 980 2752 oeulis
998 2683 1092 2766 nigris
1115 2684 1269 2761 utnnetis,

124 2797 216 2878 genis
245 2793 323 2858 inira
354 2793 501 2880 detortis,
533 2813 588 2858 ore
611 2813 732 2878 erasse,
761 2793 933 2876 superciliis
967 2786 1152 2870 contractis,
1188 2803 1269 2848 oon-

126 2906 255 2964 aerrnnt
293 2899 413 2984 omnia,
451 2899 581 2985 nabent,
613 2919 809 2982 summopere
849 2899 974 2982 divites,
1016 2893 1148 2977 sordidi,
1184 2893 1268 2974 parei

12 3001 15 3028 '
123 3017 265 3090 morum,
296 3005 412 3088 prolusi
442 3009 472 3070 iu
507 3025 558 3071 res
582 3023 749 3091 venereas,
783 3005 911 3089 modici,
942 3003 1065 3084 musici,
1091 2997 1307 3066 mendacestt

124 3113 219 3178 lidem
243 3119 345 3176 autern
368 3133 386 3176 a
407 3123 530 3179 natura:
560 3116 658 3200 doreti,
679 3111 905 3197 intelligentes,
938 3111 1070 3191 curiosi,
1104 3125 1161 3172 suo
1186 3108 1270 3172 indi-

125 3221 194 3302 eio,
216 3217 386 3304 libidinosi,
410 3221 495 3303 parci
517 3238 657 3305 suorum,
681 3220 816 3304 prolusi,
840 3217 955 3301 quieti,
977 3215 1135 3298 sollertes,
1169 3215 1270 3298 astuti,

125 3326 218 3389 multa
241 3327 373 3410 agitent,
395 3334 638 3411 computatores,
661 3328 874 3409 incusatores,
911 3323 1089 3405 importuni,
1119 3338 1181 3385 non
1218 3321 1270 3404 its-3

124 3433 216 3516 lices,
239 3451 257 3496 e
281 3431 458 3497 mulieribus
482 3439 684 3516 expetuntur,
707 3437 913 3513 morosiores,
949 3427 987 3492 ad
1012 3426 1173 3490 amicitiam
1206 3441 1268 3487 non

13 3607 23 3637 Ι
125 3538 251 3602 multum
273 3535 374 3602 utiles.
1278 3527 1309 3577 ⁴⁰
1421 3536 1430 3551 ''

124 3769 213 3836 etsist:
230 3763 397 3838 πραγμάτων
416 3762 628 3834 domomum,
647 3763 774 3825 tanente,
792 3751 1059 3832 posnaniensibus?
1077 3749 1270 3823 oippodsosasei,

125 3851 276 3930 psalmasti
321 3851 519 3910 scribendum:
549 3854 671 3924 δαψιλεῖς
694 3851 761 3925 πρὸς
778 3850 809 3904 soi
828 3844 1025 3921 cippodsesoesd,
1050 3843 1124 3898 unde
1143 3841 1271 3916 πραγμά-

124 3967 177 4002 we
194 3946 398 4018 dppodsosasnir
415 3955 506 4001 ortum
524 3946 560 4000 ob
580 3946 687 4000 solitam
706 3952 870 3998 structuram
889 3957 950 3994 enm
969 3935 1104 4008 genitivo,
1123 3933 1223 3988 deinde
1242 3932 1271 3986 in

125 4038 248 4110 nssrgine
268 4045 422 4092 correctum
441 4037 544 4102 iuerat,
563 4037 763 4093 eorrectionem
782 4043 873 4090 antem
891 4029 1019 4096 librarius
1038 4027 1129 4082 alieno
1146 4024 1210 4079 loon
1223 4023 1271 4076 in-

125 4131 227 4195 seruit,
245 4129 294 4185 nbi
313 4129 439 4186 delenda.
477 4128 508 4185 ln
527 4129 707 4203 sequentibus
727 4128 822 4184 eadem
844 4123 978 4196 expositio
1005 4117 1141 4190 repetitur
1164 4114 1207 4170 rel
1231 4113 1272 4166 li-

124 4223 280 4278 brsriornm
299 4220 379 4292 eulpa
397 4221 445 4294 qni
464 4220 532 4277 haee
552 4221 710 4286 turbarunt,
739 4219 784 4275 sel
801 4217 888 4289 ipsius
907 4211 1038 4284 origenis
1060 4202 1272 4278 noleypepemi·

123 4333 168 4370 m
185 4313 234 4388 gni
253 4312 297 4366 bis
314 4312 410 4368 eadem
429 4313 541 4368 dietavit
558 4310 588 4368 M
668 4311 757 4392 ι47.
778 4302 946 4382 neptapyrsss
1067 4298 1113 4354 4⁸·
1134 4295 1271 4364 ‘iudith'
1387 4359 1391 4365 .
1489 4295 1490 4300 ἵ

124 4407 200 4464 addit
217 4402 247 4460 l!
354 4405 399 4460 49.
418 4411 542 4480 sntpspsns
559 4400 582 4457 C
931 4488 983 4557 6.
