3052 4984
202 333 267 400 436
311 333 522 422 (pamm.)
612 341 707 398 ωεστ
730 341 797 416 vm,
823 347 938 402 ιντο.

162 517 191 566 υτ
248 505 252 512 “
289 507 339 574 19.
377 506 494 589 Ἐτεροτ
516 503 552 570 δέ
574 509 628 569 καλ
650 503 741 571 αὐτοὶ
763 503 990 589 αἲρεττκοίτεροι
1012 505 1068 589 τήν
1090 506 1199 590 φύσιν,
1224 505 1353 592 Φρύγες

199 615 233 678 νδ
256 616 348 698 γένος
352 663 364 692 ,
398 612 640 698 προληφθέντες
670 610 735 677 δπό
764 615 906 693 γυναίων
934 609 1126 697 ήπάτηνται,
1156 611 1353 698 Πρισκίλλης

199 725 283 796 τινος
305 727 359 784 καὶ
381 717 586 804 Μαξτμίλλης
608 718 825 802 καλουμένων,
859 720 899 794 δς
927 717 1130 804 προφήτιδας
1158 719 1350 804 νομίζουσιν,

200 826 237 892 έν
257 826 386 903 ταύταις
415 827 449 891 τδ
471 823 679 913 παράκλητον
707 830 836 910 πνεῦμα
866 832 1077 912 κεχωρηκέναι
1107 827 1263 908 λέγοντες,
1294 831 1352 892 καί

200 956 271 1000 τινα
292 937 356 1022 πρδ
377 933 484 1000 αὐτῶν
505 933 682 998 Μοντανδν
703 932 821 1018 δμοίως
843 933 1031 1012 δοξάζουσιν
1045 933 1090 1010 τίς·
1103 935 1278 1022 προφήτην,
1302 931 1351 1000 τόν

163 1044 192 1093 ⁷⁰
199 1042 329 1125 βίβλους
351 1041 504 1125 ἀπείρους
524 1039 645 1120 ἔχοντες
665 1039 869 1118 πλανῶνται,
891 1041 966 1127 μήτε
987 1042 1026 1106 τδ
1049 1039 1104 1108 ἀπ’
1125 1041 1232 1108 αύτύν
1252 1042 1350 1108 λελα-

199 1151 322 1238 λημένα
343 1149 428 1236 λόγῳ
451 1151 629 1233 κρίναντες,
651 1147 729 1234 μήτε
749 1160 814 1223 τοτς
835 1160 943 1233 κρτναι
964 1148 1156 1234 δυναμένοις
1176 1153 1352 1236 προσέχονν

199 1281 262 1336 τες,
287 1256 357 1322 ἀλλ’
379 1256 512 1340 ἀκρίτως
533 1258 570 1345 τῇ
592 1253 674 1339 πρός
695 1253 811 1331 αύτούς
832 1257 932 1320 πίστει
954 1259 1209 1341 προσφέρονται,
1232 1255 1348 1324 πλεῖόν

200 1389 228 1430 τι
253 1362 294 1428 δι’
317 1362 423 1428 αδτιδν
444 1363 619 1448 φάσκοντες
641 1361 713 1449 [τίς]
736 1364 962 1446 μεμαθηκέναι
984 1361 1052 1447 ήέκ
1073 1362 1176 1447 νόμον
1196 1370 1251 1429 καὶ
1268 1387 1351 1451 προ·

201 1475 310 1557 φητδίν
332 1474 469 1534 καὶτῶν
489 1468 691 1550 εύαγγελίων.
730 1469 827 1555 Ὑπέρ
850 1468 886 1534 δέ
911 1469 1108 1545 ἀποστόλους
1130 1475 1185 1534 καὶ
1200 1475 1270 1536 πᾶν
1287 1469 1349 1552 χά-

164 1591 299 1662 τορισμα
321 1581 420 1642 ταῦτα
442 1577 480 1640 τοὶ
502 1575 622 1657 γύναια
644 1574 847 1653 δοξάζουσιν,
872 1575 916 1651 τίς
935 1575 1059 1659 τολμᾶν
1079 1576 1193 1644 πλεῖόν
1214 1601 1243 1641 τι
1266 1582 1349 1662 Χρι-

201 1691 274 1752 στοῦ
295 1685 332 1750 έν
352 1685 472 1760 τούτοις
493 1683 596 1764 λέγειν
617 1687 705 1758 τινὰς
727 1682 834 1748 αύτύν
855 1685 1030 1762 γεγονέναι.
1083 1681 1181 1750 Ούτοι
1213 1683 1268 1748 τδν
1288 1687 1348 1766 μέν

200 1797 324 1880 πατέρα
346 1798 408 1858 τῶν
430 1791 516 1856 δλων
538 1792 621 1856 θεδν
641 1797 697 1855 καὶ
718 1791 848 1856 πάντων
869 1794 991 1878 κτίστην
1013 1789 1180 1882 ὁμοίωςτή
1200 1791 1348 1876 ἐκκλησίᾳ

200 1901 391 1987 ὁμολογοῦσι
414 1905 468 1964 καί
490 1901 552 1964 ύσα
573 1900 608 1964 τδ
629 1897 815 1979 εὐαγγέλου
836 1903 912 1982 περὶ
941 1901 996 1963 τού
1019 1903 1158 1985 Χριστοῦ
1186 1907 1346 1987 μαρτνρεί,

200 2008 373 2085 καινίζουσι
388 2008 424 2073 δὲ·
439 2011 580 2094 νηστείας
600 2013 655 2071 καὶ
676 2006 787 2093 ἑορτάς
809 2010 863 2070 καί
884 2005 1102 2094 ξηροΙφαγίας
1122 2011 1176 2069 καί
1198 2004 1349 2090 ραφανο·

164 2119 324 2203 ευφαγίας
345 2117 519 2201 φάσκοντες
540 2113 604 2178 ύπδ
626 2118 689 2178 τῶν
711 2115 851 2192 γυναίων
873 2111 1081 2195 δεδιδάχθαι.
1130 2117 1222 2196 Τινὲς
1236 2112 1272 2177 δὲ
1287 2111 1349 2178 αδ-

201 2228 264 2288 τῶν
283 2225 320 2313 τῇ
341 2226 404 2286 τῶν
426 2224 614 2306 Νοηττανῶν
643 2217 762 2303 αἱρέσει
785 2223 1005 2303 συντιθέμενοι
1027 2222 1082 2284 τδν
1103 2229 1226 2307 πατέρα
1248 2218 1348 2286 αδτδν

201 2331 285 2395 εἶναι
306 2333 362 2394 τδν
383 2327 456 2393 υλδν
476 2327 616 2408 λέγουσι,
647 2334 702 2392 καί
722 2332 833 2393 τοῦτον
854 2324 920 2392 ύπδ
941 2331 1065 2407 γένεσιν
1086 2331 1141 2392 καὶ
1161 2329 1275 2404 πάθος
1294 2333 1349 2392 καὶ

202 2437 350 2502 θάνατον
370 2435 575 2521 ἐληλυθέναι.
626 2439 706 2520 Περὶ
727 2434 844 2498 τούτων
867 2431 967 2510 αύθτς
995 2435 1275 2520 λεπτομερέστερον
1295 2434 1348 2498 έκ-

203 2544 364 2630 θήσομαι·
384 2541 517 2618 πολλοτς
537 2541 600 2629 γάρ
623 2539 759 2628 ἀφορμή
780 2546 888 2606 κακῶν
909 2545 1071 2628 γεγένηται
1085 2541 1105 2629 ή
1121 2544 1239 2608 τούτων
1261 2547 1349 2628 αίρε-

165 2662 260 2728 θέσις.
297 2653 407 2716 Ἰκανδ
427 2655 487 2736 μέν
508 2646 567 2716 σύν
589 2653 703 2714 καὶτὰ
725 2649 936 2734 περὶτούτων
957 2651 1108 2736 εἰρημένα
1130 2653 1288 2736 κρίνομεν,
1308 2647 1349 2714 δι’

205 2757 322 2839 ὀλίγων
350 2759 388 2824 τά
409 2757 516 2822 πολλοὶ
545 2755 679 2842 φλύαρα
707 2753 813 2820 αὐτῶν
838 2755 948 2839 βιβλία
976 2779 1007 2820 τε
1037 2761 1091 2820 καί
1119 2757 1348 2842 ἐπιχειρήματα

204 2872 303 2934 πᾶσιν
325 2865 537 2943 έπιδείξανιες
559 2862 684 2949 ἀσθενή
707 2863 784 2927 ὄντα
814 2869 868 2927 καὶ
894 2863 1029 2950 μηδενὸς
1051 2863 1148 2943 λόγου
1178 2866 1274 2943 ἀξια,
1304 2862 1350 2940 οίς

203 2971 244 3040 ού
262 2973 321 3060 χρή
344 2975 511 3056 προσέχειν
531 2973 604 3047 τούς
624 2969 810 3050 ὑγιαίνοντα
832 2975 911 3035 νοῦν
933 2974 1148 3056 κεκτημένους.

289 3083 340 3148 20.
379 3079 496 3164 Ἑτεροι
518 3078 555 3143 δέ
575 3074 707 3154 ἑαυτούς
735 3074 974 3153 ἀποκαλοῦντες
995 3076 1193 3164 Ἔγκραείτας
1223 3079 1262 3144 τά
1290 3083 1350 3163 μὲν

166 3192 275 3272 νοπερλ
295 3189 351 3250 τού
373 3189 455 3250 θεοῦ
477 3191 532 3249 καὶ
553 3190 609 3250 τού
631 3189 770 3269 Χριστοῦ
792 3183 910 3268 δμοίως
932 3190 986 3248 καὶ
1006 3209 1042 3276 τη
1066 3185 1214 3273 έκκλησίᾳ
1230 3185 1348 3271 ὁμολο-

201 3297 310 3375 γοῦσι,
332 3296 406 3374 περὶ
426 3290 462 3356 δέ
485 3291 649 3358 πολιτείαν
666 3295 904 3379 πεφυσιωμένοι
921 3277 1206 3380 ἀναστρέφονται,
1218 3293 1349 3370 ἑαυτούς

203 3401 258 3466 διδ
280 3399 458 3484 βρωμάτιον
481 3397 625 3475 δοξάζειν
647 3398 822 3482 νομίζοντες
843 3398 1038 3483 ἀπεχόμενοι
1061 3399 1228 3488 ἐμψύχων,
1250 3398 1348 3484 ὑδρο-

206 3511 372 3581 ποτούντες
393 3510 448 3569 καὶ
468 3517 583 3588 γαμεῖν
603 3505 795 3583 κωλύοντες,
816 3513 871 3570 καὶ
892 3511 935 3593 τῷ
958 3507 1063 3592 λοιπηί
1084 3511 1144 3593 βίῳ
1167 3509 1348 3595 καταξήρως

204 3615 424 3698 προσέχοντες,
447 3611 575 3697 μᾶλλον
599 3618 728 3678 Κυνικοὶ
748 3615 768 3698 ή
788 3609 974 3698 Χριστιανοὶ
995 3612 1027 3678 οἱ
1048 3621 1182 3679 τοιοῦτοι
1203 3617 1349 3700 κρινόμε-

166 3736 196 3784 ου
205 3743 270 3798 νοτ,
294 3719 333 3784 ού
355 3722 560 3805 προσέχοντες
581 3731 646 3795 τοῖς
668 3719 723 3783 διοὶ
748 3727 802 3784 τοῦ
819 3719 999 3785 ἀποστόλου
1016 3720 1153 3784 Παύλου
1169 3722 1215 3796 είς
1234 3721 1350 3796 αύτούς

203 3829 459 3914 προειρημένοις,
491 3827 528 3902 δς
549 3827 760 3913 προφητεύων
784 3828 823 3890 τό
846 3825 1004 3910 μέλλοντα
1032 3825 1098 3892 ύπδ
1127 3847 1221 3890 τινων
1247 3826 1351 3914 μάτην

202 3932 401 4008 καινίζεσθαι
424 3931 522 4008 οὕτως
544 3932 624 4018 ἔφη·
672 3934 722 3998 Τδ
746 3931 767 3996 δ
777 3937 793 3996 ἐ
815 3936 972 4015 πνεῦμα
996 3932 1115 4019 ῥητῶς
1138 3931 1264 4013 λέγει·
1295 3932 1352 3998 Ἐν

202 4037 387 4123 ὑστέροις
409 4050 569 4124 καιροῖς
590 4038 897 4126 ἀποστήσονταί
922 4061 1030 4113 τινες
1050 4043 1118 4125 τῆς
1140 4037 1353 4119 ύγιατνού-

203 4163 275 4232 σης
297 4143 610 4223 διδασκαλίας,
639 4149 913 4232 προσέχοντες
941 4145 1146 4230 πνεύμασι
1176 4145 1356 4223 πλάνοις

273 4339 318 4394 Ίθ.
338 4339 375 4401 ύς
394 4335 520 4394 ΜίΙΙετατ
542 4347 618 4392 reete
638 4337 788 4394 delendum
809 4348 901 4412 putat:
927 4339 942 4408 ή
967 4340 1005 4402 τίς
1030 4337 1176 4412 Βοερεται
1312 4339 1356 4395 79.

204 4433 245 4501 δι’]
264 4450 287 4486 τε
306 4428 329 4486 C
461 4431 508 4486 88.
526 4429 626 4492 τούς-
633 4431 815 4509 κεκτημένους]
834 4435 1094 4506 τοῖς-κεκτημένος
1113 4429 1135 4486 C
1250 4431 1295 4484 92.
1312 4433 1355 4486 93.

202 4519 411 4590 ύδρωποτούνπς
430 4515 452 4572 C
595 4521 639 4573 96.
658 4519 866 4591 προφητεύονῦ
993 4523 1091 4576 97-8.
1114 4517 1209 4574 ίΤλστ.
1228 4522 1254 4584 4,
1275 4520 1354 4576 1-5.
