3050 4988
236 302 301 368 ³22
345 303 564 406 (ττιτυιο.)
694 307 789 368 mann
813 311 856 384 τι,
878 315 930 372 τε.
952 316 1005 370 τε.

234 487 325 536 ονσα.
380 473 444 537 Διὰ
475 475 565 538 τοῦτο
601 473 638 538 δὲ
672 479 750 562 φησί
788 479 843 539 καὶ
877 475 933 540 τόν
965 471 1072 555 Δαβὶό
1102 459 1278 558 εἰρηκέναι·
1328 469 1391 534 Ἐκ

234 577 433 663 στόματος
453 584 606 668 νηπίων
627 587 694 646 καὶ
716 581 978 670 θηλαζόντων
1005 582 1223 666 κατηρτίσω
1254 579 1386 642 αἶνον·

20 669 21 760 λ
235 687 427 752 καίπάλιν·
475 683 523 750 Οἳ
545 687 714 775 οόρανολ
736 688 966 776 διηγοῦνται
988 687 1116 765 δόξαν
1138 689 1252 750 θεοῦ.
1284 683 1391 750 'Eadm

199 793 272 859 ουδὲ
293 794 330 860 ἰν
351 793 464 870 πόνοις
484 798 611 882 γένηται
631 795 650 884 ἡ
673 797 778 884 ψυχή,
801 797 919 880 έπιβοᾷ
941 795 1040 860 οόόέν
1063 797 1169 881 ἕτερον
1184 797 1206 880 ἢ
1224 794 1259 856 τό
1280 801 1316 870 ῶ,
1334 787 1390 877 ἐφ’

234 897 262 988 ηό
283 900 431 979 άνιᾶται,
463 902 552 979 ὅπως
579 903 803 991 γνωρίσασαη
831 905 900 969 άνω
931 901 1020 991 ψυχὴ
1048 900 1082 966 τὸ
1113 902 1258 982 συγγενὲς
1289 897 1390 984 αὐτῆς

234 1009 361 1096 βοηθόν
384 1007 464 1102 αότῇ
485 1012 693 1100 καταπέμψη.

322 1117 373 1183 49.
418 1122 482 1182 Καὶ
502 1121 576 1203 περὶ
596 1117 715 1182 τοότοιν
734 1120 795 1201 μὲν
816 1115 924 1192 οὕτως.
968 1119 1049 1199 Περὶ
1071 1113 1107 1179 δὲ
1122 1117 1176 1202 τῆς
1192 1117 1254 1178 τῶν
1269 1113 1389 1177 εἰκοσι-

234 1224 395 1309 τεσσάρων
417 1227 577 1306 στοιχείων
597 1227 747 1305 γενέσεως
770 1222 870 1298 οὕτως
891 1221 995 1302 λέγει·
1032 1225 1081 1313 Τῇ
1101 1219 1287 1306 μονότητι
1310 1237 1389 1286 συν-

200 1331 392 1418 υουπάρχειν
416 1329 597 1418 ἑνότητα,
632 1331 668 1409 έξ
696 1327 742 1396 νίν
764 1329 823 1396 όόο
844 1329 1023 1417 προβολαί,
1057 1330 1187 1413 μονάς
1215 1353 1247 1392 τε
1274 1334 1328 1392 καὶ
1350 1323 1386 1392 τό

237 1441 293 1516 ίν,
324 1438 373 1514 όίς
403 1438 462 1504 δύο
492 1435 586 1504 οὖσαι
608 1443 754 1526 τέσσαρες
775 1439 938 1520 ἐγένοντο·
971 1437 1020 1514 δὶς
1039 1438 1102 1524 γάρ
1121 1436 1127 1526 Ι
1147 1435 1206 1500 δύο
1228 1439 1386 1522 τέσσαρες.

239 1551 303 1610 Καὶ
324 1545 426 1611 πάλιν
452 1543 489 1610 αἶ
510 1545 571 1612 δόο
599 1551 654 1610 καὶ
680 1549 826 1633 τέσσαρες
856 1546 902 1621 εἰς
933 1545 967 1609 τό
997 1541 1074 1608 αῦτὸ
1102 1546 1302 1608 συντεθεῖσαι
1329 1543 1387 1606 τόν

237 1657 301 1718 τῶν
320 1656 356 1731 έξ
377 1653 589 1740 έφανέρωσαν
611 1652 773 1739 άριθμόν,
797 1648 882 1718 οῦτοι
905 1651 941 1716 δὲ
964 1648 995 1716 οἱ
1015 1654 1051 1729 ἓξ
1071 1648 1389 1737 τετραπλασιασθέν-

237 1783 286 1835 τες
313 1761 369 1836 τὰς
397 1760 657 1847 εἰκοσιτέσσαρας.
714 1763 779 1824 Καὶ
810 1761 850 1824 τό
879 1762 940 1844 μὲν
971 1761 1024 1846 τῆς
1057 1757 1209 1845 [πραότης]
1239 1755 1389 1843 τετράδος

240 1973 305 2038 τοῖς
324 1963 457 2048 βρέφεσι
483 1962 639 2026 κλαίουσα
667 1967 722 2026 καί
754 1965 923 2048 θρηνοῦσα
951 1961 1094 2049 Μάρκον
1123 1959 1249 2038 δοξάζει
1278 1956 1388 2023 αὐτόν.

239 2069 303 2132 Aa&
325 2072 415 2133 τοῦτο
445 2068 481 2132 δὲ
510 2073 565 2132 καί
590 2069 645 2134 τὸν
673 2068 788 2152 Δαβὶό.
806 2070 984 2155 εἰρηκέναι·
1030 2067 1089 2132 Ἐκ
1110 2068 1303 2151 στόματος
1324 2087 1390 2152 νη-

239 2177 344 2240 πίων
374 2181 441 2239 καὶ
472 2173 739 2263 θηλαζόντων
769 2178 988 2263 κατηρτίσω
1026 2176 1156 2240 αἰνσν·
1185 2179 1239 2238 καί
1267 2172 1388 2237 πάλιν·

242 2279 289 2347 Οἱ
305 2280 471 2369 οὐρανοὶ
490 2286 565 2347 τιῦν
583 2280 772 2369 οόρυινῦν
792 2281 1032 2369 διηγοῦνται
1051 2281 1296 2360 όόξανθεοῦ.
1326 2285 1390 2343 Καὶ

241 2388 298 2453 διὰ
314 2393 404 2453 τοῦτο
416 2389 451 2454 ἔν
463 2413 494 2454 τε
515 2389 628 2464 πόνοις
649 2393 704 2453 καί
724 2389 956 2477 ταλαιπωρίαις
976 2390 1065 2477 ψυχὴ
1084 2393 1237 2474 γενομένη
1257 2388 1304 2463 εἰς
1318 2387 1390 2452 όιτ-

240 2495 354 2581 λισμόν
376 2495 473 2583 αὐτῆς
493 2497 653 2583 έπιφωνεί
671 2499 706 2562 τό
737 2502 767 2562 οῖ
789 2498 835 2574 εἰς
856 2507 985 2584 σημεῖον
1008 2496 1173 2573 αἰνέσεως,
1199 2501 1255 2560 ίυα
1272 2498 1390 2582 γνωρί-

241 2621 327 2669 σασα
349 2603 368 2690 η
390 2605 459 2670 ἄνω
481 2604 571 2692 ψυχὴ
591 2604 625 2669 τὸ
647 2609 791 2685 συγγενὲς
812 2602 909 2689 αὐτῆς
929 2604 1058 2688 βοηθὸν
1079 2601 1158 2689 αῦτη
1180 2604 1390 2691 καταπέμψη.

327 2715 357 2779 8.
401 2717 465 2777 Καὶ
496 2719 569 2799 περὶ
596 2715 657 2795 μὲν
686 2716 742 2776 τοῦ
769 2714 889 2787 παντὸς
917 2710 1074 2794 ὀνόματος
1100 2711 1269 2800 τριάκοντα
1300 2713 1393 2786 ὄντος

239 2818 436 2906 γραμμάτων
457 2819 576 2896 τούτου,
600 2823 655 2883 καί
676 2823 732 2884 τοῦ
747 2823 882 2902 βυθοῦ
903 2822 958 2884 τοῦ
973 2821 1131 2898 αὔξοντος
1145 2819 1181 2883 έκ
1201 2823 1264 2883 τῶν
1279 2819 1391 2883 τοῦτον

240 2927 446 3013 γράμμάτων,
466 2927 511 2992 ἔτι
531 2949 563 2990 τε
584 2930 637 3014 τῆς
655 2925 853 3014 οἰληθείας
868 2928 1011 3012 στόματος
1029 2925 1315 3010 όωόεκαμελοῦςέκ
1329 2925 1390 2992 δύο

241 3033 439 3121 γραμμάτων
453 3037 654 3111 συνεστῶτος,
678 3038 798 3120 καὶτῆς
814 3039 924 3120 φωνῆς
939 3032 1044 3120 αὐτῆς,
1060 3035 1101 3121 ἢν
1115 3034 1390 3120 προσομιλήσασα,

242 3149 298 3206 καί
319 3145 465 3230 περὶτῆς
486 3141 659 3216 ἰπιλόσεως
688 3145 743 3206 τοῦ
764 3142 808 3228 μὴ
830 3141 1026 3230 λαληθέντος
1053 3140 1210 3225 ὀνόματος
1239 3146 1293 3206 καί
1318 3149 1392 3230 περὶ

241 3253 295 3335 τῆς
315 3253 371 3314 τοῦ
393 3250 513 3334 κόσμου
534 3254 643 3336 ψυχῆς
663 3253 717 3312 καὶ
738 3247 920 3336 οἰνθριόποο
942 3249 1035 3314 καθά
1057 3249 1163 3332 έχουσι
1185 3249 1241 3336 την
1261 3247 1328 3314 κατ’
1344 3249 1393 3312 εἰ·

241 3358 323 3422 κόνα
346 3359 551 3440 οἰκονομίαν,
575 3355 675 3432 οὕτως
695 3356 855 3444 ἐλήρησεν.
875 3363 913 3422 K.
935 3383 961 3423 τ.
982 3357 1012 3422 λ.

330 3462 440 3539 Οὕτως
462 3459 522 3528 οὖν
543 3461 771 3550 άπαγγέλλειῆ
788 3463 959 3551 πάνσοφος
980 3463 1067 3552 αότηῦ
1090 3466 1173 3550 σιγόη
1195 3463 1250 3550 την
1270 3467 1393 3544 γένεσιν

241 3575 304 3636 τῶν
324 3570 585 3657 εἰκοσιτεσσάρων
605 3575 785 3653 στοιχείων·
819 3576 867 3663 Τῇ
884 3571 1066 3657 μανότητι
1083 3570 1393 3658 συνυπάρχεινὲνό-

241 3702 332 3766 τητι,
355 3679 391 3756 έξ
403 3674 449 3742 τίν
462 3678 521 3743 όόο
542 3678 712 3766 προβολαί,
735 3678 814 3744 καθ’
829 3680 851 3742 ά
869 3681 1069 3765 προείρηται,
1091 3679 1221 3762 μονάς
1241 3703 1274 3742 τε·
1289 3683 1344 3742 καί
1357 3680 1392 3742 τὸ

242 3792 286 3853 ἓν
307 3788 362 3852 em
383 3786 442 3851 όόο
466 3783 560 3852 οὖσαι
581 3789 720 3874 τέσσαρα
741 3787 899 3868 ἐγένοντο·
923 3785 972 3862 δὶς
993 3786 1054 3873 γάρ
1078 3785 1136 3851 όόο
1152 3790 1306 3872 τέσσαρες.
1330 3791 1393 3850 Καὶ

148 3977 150 3982 ,
241 3894 343 3960 πόλιν
363 3889 399 3958 αἱ
421 3892 480 3958 όόο
501 3898 556 3958 καί
576 3896 723 3980 τέσσαρες
743 3895 789 3970 εἰς
808 3894 842 3960 τό
865 3893 943 3960 αότό
966 3899 1166 3958 συντεθεῖσαι
1191 3896 1246 3959 τὸν
1274 3898 1337 3959 ττῦν
1358 3897 1393 3972 ἓξ

204 4063 208 4077 ,
241 4003 456 4090 έφανέρωσαυ
478 4000 641 4088 άραθμόν,
673 3998 759 4068 οῦτοι
786 4001 822 4066 δὲ
853 3999 884 4066 οἰ
911 4005 947 4080 έξ
973 4001 1318 4090 τετραπλασιασθέντες
1337 4002 1394 4075 τὰς

209 4085 214 4114 '
242 4112 496 4195 εἰκοσιτέσσαρας
518 4106 704 4196 α’πεκόησαν
724 4109 863 4196 μορφάς.
908 4114 972 4173 Καὶ
993 4109 1031 4173 τό
1053 4113 1113 4194 μὲν
1133 4112 1187 4196 τῆς
1206 4108 1330 4196 πρότης
1344 4131 1393 4172 τε-

279 4288 324 4343 87.
343 4286 388 4344 88.
406 4282 508 4340 Ρεείτο.
520 4285 547 4352 8,
559 4287 586 4340 3.
641 4284 873 4360 88.κατηρτη’σω(]
919 4289 963 4343 89.
983 4285 1084 4342 Ρεοίω.
1095 4288 1136 4352 18,
1149 4287 1176 4340 2.
1232 4287 1276 4340 90.
1287 4284 1324 4346 τίς
1340 4287 1394 4340 lm-

243 4379 297 4452 ῥοᾷ
315 4375 352 4434 C:
373 4377 409 4440 ὥς
427 4376 569 4432 abundans
588 4377 641 4432 hoc
660 4380 723 4435 loco
742 4398 775 4435 ει
793 4377 916 4450 margine
934 4379 1040 4434 illatum
1058 4379 1174 4443 videtur,
1197 4377 1244 4430 ubi
1260 4376 1294 4431 τό
1311 4377 1394 4430 ὀπίσω

246 4469 345 4543 aliquis
355 4469 490 4525 notaverit
498 4470 700 4525 correctionem
716 4491 759 4540 ως,
774 4481 804 4527 ιιι
816 4473 923 4544 legatur
934 4469 1053 4534 ὅπως.Μ
1126 4472 1170 4525 91.
1184 4469 1268 4539 ὅπως]
1279 4465 1395 4523 ὀπίσωῦ
