3050 4988
662 321 808 380 bencus.
1241 318 1305 384 303

161 487 282 552 llarcus
305 495 406 551 autem
429 489 562 552 imitatus
584 497 817 573 praeceptorem
841 496 873 553 et
893 489 960 571 ipse
978 487 1125 569 contingit
1143 488 1303 572 visionem,

162 594 325 659 arbitratus
348 613 384 660 sa
407 595 468 659 boc
491 596 583 660 modo
606 598 792 662 celebratum
815 597 862 660 iri.
919 596 1037 659 Etenim
1061 595 1240 659 Valentinus
1263 597 1304 660 sit

161 719 233 765 sese
255 703 369 768 vidisse
391 701 536 768 infantem
566 721 678 768 recens
712 712 832 785 natum,
861 721 951 784 quem
981 703 1146 784 explorans
1178 703 1304 785 inquirit

161 811 298 892 quisnam
321 813 369 894 sit,
391 812 417 874 is
441 818 540 876 nutem
563 813 722 894 respondit
751 811 972 892 affirmauitque
1001 828 1072 874 sese
1093 809 1198 892 logum
1221 824 1339 889 essens

162 917 275 980 deinde
308 917 424 981 addens
454 920 602 1003 tragicam
634 918 785 1001 quandam
819 917 952 982 tabulam
991 937 1031 981 ex
1066 917 1124 981 bac
1160 927 1303 982 constare

162 1026 224 1087 vult
245 1043 334 1108 quam
362 1027 489 1090 instituit
519 1026 672 1091 haeresin.
728 1025 782 1089 Cui
813 1026 919 1090 similia
948 1031 1077 1089 conatus
1109 1024 1231 1089 blarcus
1264 1027 1305 1088 sit

162 1131 200 1195 ad
222 1151 294 1196 sese
317 1133 441 1197 venisse
463 1133 628 1198 'l'etradem
651 1133 756 1198 babitu
779 1133 934 1217 muliebri,
959 1132 1229 1216 (quandoquidem,
1252 1135 1304 1196 in-

162 1239 244 1322 quit,
266 1240 354 1304 virile
377 1241 443 1304 eius
472 1240 602 1305 mundus
629 1241 713 1305 serre
743 1260 805 1305 non
831 1241 941 1326 potuit)
972 1248 1005 1305 at
1032 1241 1205 1305 ostendisse
1235 1259 1305 1305 sese

162 1365 242 1427 quac
265 1355 362 1431 esset,
386 1353 417 1410 at
438 1349 652 1413 universorum
674 1355 771 1412 ortum
783 1399 792 1433 ,
815 1367 907 1430 quem
925 1349 1038 1412 nemini
1052 1367 1185 1431 unquam
1199 1363 1342 1431 nequem

163 1452 291 1521 deorum
315 1473 417 1538 nequa
439 1455 594 1520 bominum
617 1457 838 1540 revelavisset,
862 1455 932 1520 huic
955 1457 1012 1520 soli
1028 1455 1235 1540 enarravisse,
1257 1455 1303 1519 bis

162 1562 266 1626 verbis
286 1581 387 1626 usam:
418 1563 493 1627 Cum
516 1564 667 1647 principio
690 1565 793 1646 Pater,
821 1562 920 1648 [cuius
942 1570 1031 1646 pater
1053 1583 1145 1628 nemo
1169 1562 1227 1648 est]
1251 1565 1303 1626 in-

162 1671 446 1754 comprehensibilis
475 1671 526 1735 ille
558 1679 590 1736 et
623 1671 878 1756 insubstantialis,
914 1673 966 1753 qui
1002 1689 1103 1754 neque
1138 1671 1304 1735 masculum

162 1797 262 1863 neque
285 1779 451 1844 femineum
473 1789 536 1865 est,
568 1780 662 1843 vellet
682 1778 835 1843 ineffabile
858 1796 945 1843 suum
963 1778 1030 1843 fieri
1054 1778 1175 1843 effabile
1199 1788 1230 1844 et
1251 1780 1303 1842 in-

162 1886 280 1951 visibila
301 1887 444 1970 figurari,
467 1889 587 1970 aperuit
609 1905 645 1950 os
669 1896 700 1952 et
730 1885 853 1969 protulit
882 1903 1057 1949 sermonem
1088 1887 1216 1950 similem
1247 1887 1342 1971 saint

161 1995 213 2076 qui
234 2013 332 2078 prope
355 1996 470 2059 adstitit
491 2001 522 2058 et
545 1996 725 2060 monstravit
747 1997 775 2058 ei
800 1993 872 2076 quid
896 1999 998 2076 esset,
1028 1993 1172 2077 idemque
1194 1996 1304 2058 invisi-

161 2101 227 2166 bilis
248 2103 327 2166 illius
349 2102 447 2186 ligura
470 2104 618 2184 apparuit.
663 2101 804 2166 Elocutio
832 2109 932 2165 autam
956 2105 1088 2166 nominis
1114 2103 1182 2167 talis
1205 2121 1304 2184 quae-

161 2209 229 2273 dam
264 2211 379 2274 extitit:
422 2210 543 2274 locutus
573 2216 620 2272 est
650 2228 759 2274 vocem
785 2212 912 2293 primam
947 2211 1078 2274 nominis
1108 2212 1191 2294 eius,
1222 2227 1303 2290 quae

160 2317 282 2399 quidem
308 2323 374 2380 erat
395 2313 490 2402 α’ρχή,
521 2325 553 2380 et
578 2323 644 2381 erat
666 2317 782 2400 syllaba
806 2321 872 2382 eius
896 2318 1117 2382 elementorum
1146 2323 1298 2400 quattuor,

160 2423 273 2488 deinde
294 2423 433 2488 adiunxit
455 2426 637 2509 secundam,
662 2443 762 2507 eaque
786 2434 851 2490 erat
874 2434 905 2490 et
926 2427 992 2507 ipsa
1015 2429 1160 2505 quattuor
1180 2423 1341 2487 littera-8⁰

223 2676 302 2741 lren.
324 2696 350 2740 c.
366 2677 451 2739 lucr.
473 2672 562 2758 tlt,
580 2673 607 2739 1.
704 2677 785 2740 lllam
800 2682 942 2758 quaeest
959 2695 976 2739 a
991 2676 1114 2740 summis
1138 2680 1168 2736 et
1190 2673 1228 2738 ab
1251 2673 1303 2736 in-

160 2781 326 2844 visibilibus
350 2789 380 2843 at
402 2779 671 2844 innominabilibus
700 2779 777 2844 locis
809 2782 1075 2863 quaternationem
1105 2778 1305 2841 descendisse

160 2883 257 2967 ligura
293 2884 433 2948 muliebri
462 2883 500 2947 ad
535 2903 623 2964 aura,
653 2883 823 2967 (quoniam,
858 2885 970 2967 inquit,
1006 2885 1073 2947 eius
1104 2882 1303 2946 masculinum

159 2988 290 3052 mundus
312 2988 395 3052 serra
427 3007 491 3054 non
515 2991 645 3074 poterat)
676 2996 705 3052 et
739 2988 916 3053 ostendisse
951 3006 1078 3070 quoque
1108 2988 1303 3070 semetipsam

159 3112 239 3174 quaa
263 3099 363 3175 esset,
399 3102 431 3156 at
460 3096 674 3157 universorum
703 3095 861 3176 genesim,
899 3111 990 3174 quam
1021 3092 1136 3155 nemini
1168 3110 1302 3172 unquam

160 3216 260 3280 neque
284 3198 413 3262 deorum
436 3217 540 3279 neque
564 3199 718 3262 bominum
741 3197 908 3281 revelavit,
940 3197 1012 3260 huic
1039 3196 1108 3261 solo
1139 3212 1303 3259 enarrasse

159 3306 200 3368 ita
229 3302 399 3368 dicentem:
435 3302 565 3379 Quando
598 3305 727 3385 primum
755 3304 859 3387 Pater,
893 3303 980 3365 cuius
1009 3308 1098 3383 pater
1126 3319 1216 3364 namo
1248 3307 1303 3384 est,

158 3413 210 3492 qui
241 3416 288 3473 est
317 3411 567 3493 inexcogitabilis
598 3419 628 3473 et
652 3410 910 3491 insubstantivus,
940 3411 991 3490 qui
1019 3427 1122 3491 neque
1151 3407 1303 3471 masculus

161 3533 264 3599 neque
285 3515 397 3579 lemine
429 3523 491 3600 est,
526 3515 622 3578 voluit
652 3534 739 3580 suum
769 3514 974 3578 inenarrabile
1007 3511 1161 3576 narrabile
1184 3511 1249 3575 lteri
1273 3517 1305 3574 at

160 3619 243 3701 quod
267 3619 419 3683 invisibile
442 3621 499 3684 sibi
522 3627 569 3684 est
592 3619 735 3703 formari,
768 3619 888 3702 aperuit
917 3635 953 3682 os
977 3624 1007 3680 et
1029 3617 1153 3700 protulit
1175 3616 1303 3680 verbum

159 3724 257 3788 simile
287 3724 360 3806 sibi,
391 3723 472 3806 quod
500 3725 650 3788 adsistens
685 3721 820 3787 ostendit
848 3723 877 3786 ei
908 3721 989 3804 quod
1023 3728 1089 3786 erat
1122 3724 1204 3804 ipse,
1235 3739 1303 3784 cum

160 3828 319 3892 invisibilis
342 3827 440 3893 forma
466 3829 667 3910 apparuisset.
719 3827 905 3892 Enunciatio
937 3834 1036 3889 autem
1064 3826 1195 3890 nominis
1224 3826 1304 3889 lacla

160 3939 208 3996 est
229 3931 307 3998 talis.
351 3931 486 3996 Locutus
510 3939 557 3995 est
579 3932 707 3996 verbum
733 3933 862 4014 primum
886 3930 1017 3994 nominis
1039 3931 1118 3993 eius:
1140 3930 1197 3993 luit
1213 3925 1304 4013 ἀρχή,

160 4043 190 4100 et
211 4034 327 4119 syllaba
352 4036 418 4099 eius
441 4035 611 4098 litterarum
641 4043 803 4120 quattuor,
833 4033 994 4099 coniunxit
1018 4038 1050 4096 at
1072 4033 1254 4117 secundam,
1276 4039 1305 4094 et

160 4289 205 4342 Ὦ.
224 4285 334 4341 elmuino
353 4281 416 4340 cll
531 4282 620 4361 αὐτοῦ]
639 4285 735 4339 ὤδινεν
753 4281 934 4357 Epiphanius.
973 4279 1029 4336 Sed
1047 4278 1155 4334 lranaei
1174 4276 1220 4331 lat.
1240 4283 1304 4328 tex-

160 4389 204 4434 tus
222 4379 317 4433 vitium
336 4377 441 4449 arguit,
460 4393 522 4431 cunr
541 4377 635 4431 offert:
657 4381 732 4432 caios
748 4389 822 4448 puter
839 4397 912 4430 nemo
929 4386 976 4438 ese,
1002 4372 1055 4427 boc
1080 4379 1135 4426 est:
1162 4360 1194 4423 οὗ
1219 4367 1304 4438 πατὴρ

160 4471 248 4534 οὐδεὶς
266 4465 298 4540 ἦν
412 4465 590 4535 sivsvdprorC
711 4470 756 4524 26.
782 4463 918 4542 μορφῇῦ
