3050 4988
638 287 789 346 dtbctts.
1222 284 1286 351 313

142 463 233 543 tissa,
256 468 288 522 et
310 475 424 522 nomen
447 473 519 520 esse
548 455 625 542 boc,
655 455 738 538 quod
770 458 910 521 novimus
940 457 1166 541 elloquimur,
1196 458 1287 522 Chri-

141 575 220 633 stum
243 567 359 652 lesum,
381 564 466 648 quod
487 565 637 630 elocutam
660 565 741 630 illam
761 566 832 630 ilico
855 566 1051 630 conticuisse.
1082 567 1289 648 Exspectante

143 681 247 740 autem
270 675 374 739 llaroo
403 673 489 756 plura
517 692 585 737 eam
614 673 781 738 locuturam
789 724 798 759 ,
827 691 934 738 rursus
967 674 1126 758 'retractus
1161 675 1192 737 in
1221 693 1290 738 me-

143 783 225 848 dium
248 797 418 865 progressa
443 778 532 844 dicit:
569 780 642 844 l'am
676 780 786 844 exilem
815 781 979 846 arbitratus
1003 799 1037 846 es
1059 781 1141 846 hunc
1163 797 1327 847 sermo-to

143 908 223 972 uam,
248 908 340 971 quem
364 907 405 952 ex
428 905 483 952 ore
507 887 653 952 Veritatis
675 887 814 966 audiisti;
836 905 899 952 non
923 888 1004 973 hoc,
1027 889 1111 971 quod
1135 891 1216 955 nosti
1238 891 1288 954 vi·

144 997 289 1078 derisque
312 996 366 1061 tibi
388 993 501 1060 dudum
525 1001 643 1078 tenere,
665 993 726 1060 boc
744 1002 793 1059 est
815 1013 945 1077 nomen;
967 1014 1077 1062 vocem
1097 999 1177 1060 enim
1191 996 1288 1062 solam

143 1112 233 1169 tenes
257 1107 334 1190 cius,
356 1106 417 1168 vim
434 1111 534 1168 autem
556 1105 692 1186 ignoras.
736 1103 823 1168 lesus
848 1105 929 1167 enim
954 1112 1001 1170 est
1022 1105 1144 1190 insigne
1167 1123 1290 1188 nomen,

143 1231 200 1280 sex
221 1213 341 1280 habens
361 1212 496 1297 litteras,
519 1212 557 1276 ab
581 1211 739 1297 omnibus,
764 1214 816 1293 qui
846 1218 917 1278 sunt
944 1229 984 1276 ex
1005 1214 1138 1297 vocatis,
1157 1213 1289 1276 invoca-

144 1326 215 1386 tum.
259 1320 397 1384 Alterum
421 1327 523 1384 autem
547 1317 586 1403 [h.
610 1338 639 1384 e.
666 1318 830 1404 Christus),
867 1318 950 1402 quod
978 1327 1026 1386 est
1054 1319 1134 1403 apud
1165 1321 1327 1385 deoneste

143 1427 321 1511 pleromatis
352 1426 524 1511 multiplex,
560 1426 620 1490 alia
652 1432 699 1490 est
735 1427 815 1490 lacie
850 1434 881 1490 et
912 1425 1033 1492 diversa
1063 1428 1178 1512 forma,
1206 1429 1289 1510 qued

145 1535 343 1620 cognoscitur
367 1533 405 1597 ab
429 1533 486 1598 illis
510 1534 668 1619 cognatis,
700 1552 829 1616 quorum
852 1535 1079 1619 magnitudines
1111 1543 1182 1602 sunt
1208 1535 1288 1619 apud

145 1661 214 1708 cum
235 1648 395 1725 perpetuo.

229 1747 281 1812 46.
331 1748 393 1812 llas
424 1754 543 1812 vestras
571 1747 679 1832 viginti
710 1755 854 1831 quattuor
887 1750 1005 1815 litteras
1037 1749 1114 1814 scito
1145 1754 1289 1831 tanquam

142 1858 292 1941 imagines
313 1855 507 1922 emanavisse
524 1875 564 1918 ex
581 1855 639 1919 illis
655 1855 751 1920 tribus
765 1858 975 1938 potestatibus,
998 1875 1078 1938 quae
1096 1859 1327 1940 amplector-so

143 1974 193 2028 tur
215 1965 439 2028 elementorum
461 1980 543 2044 quac
565 1979 701 2044 superne
720 1971 793 2028 suot
809 1964 987 2028 universum
1009 1982 1177 2029 numerum.
1221 1965 1289 2030 No-

145 2090 214 2135 vem
238 2074 319 2136 enim
342 2079 439 2135 mutas
462 2070 580 2134 litteras
614 2069 668 2134 tibi
697 2072 850 2153 persuade
875 2089 947 2136 esse
969 2073 1065 2138 Patris
1089 2079 1121 2136 et
1140 2073 1291 2157 Veritatis,

145 2245 207 2301 tem
231 2255 344 2301 nomen
366 2236 497 2320 lactum,
521 2242 552 2299 et
574 2252 687 2298 nomen
719 2253 790 2300 esse
825 2237 902 2322 lroo,
935 2239 1017 2319 quod
1048 2237 1161 2302 scimus
1185 2245 1216 2301 et
1237 2237 1290 2302 lo-

144 2347 278 2430 quimur,
301 2345 453 2409 Christum
475 2343 590 2428 lesum,
621 2345 703 2425 quod
734 2362 801 2407 cum
836 2345 1025 2409 nominasset
1055 2347 1154 2408 statim
1185 2347 1288 2409 tacuit.

145 2455 220 2518 Cum
243 2459 343 2516 aulem
367 2457 489 2535 putaret
510 2450 629 2515 Marcus
657 2451 724 2533 plus
754 2451 869 2534 aliquid
899 2471 966 2516 eam
996 2452 1159 2535 dicturam,
1182 2470 1289 2518 rursus

144 2561 338 2644 quaternatio
373 2561 502 2623 veniens
532 2562 563 2622 in
601 2558 733 2622 medium
769 2561 824 2622 ait:
864 2557 1020 2640 Tanquam
1060 2559 1289 2641 contemptibile

143 2670 255 2751 putasti
278 2685 350 2732 esse
371 2666 517 2746 verbum,
537 2663 620 2747 quod
644 2663 682 2728 ab
706 2683 762 2728 ore
786 2665 931 2728 Veritatis
955 2663 1072 2729 audisti.
1127 2665 1196 2729 Non
1220 2665 1289 2752 hoo,

144 2775 229 2859 quod
251 2777 313 2840 seis
337 2781 368 2839 et
390 2781 478 2856 putas
502 2770 618 2834 habere
641 2771 712 2835 olim
736 2779 783 2836 est
804 2790 937 2850 nornen3
973 2789 1082 2835 vocem
1111 2773 1190 2835 enim
1218 2780 1290 2835 tan-

144 2891 205 2948 tum
228 2881 323 2947 habes
347 2883 428 2966 eius,
450 2880 593 2942 virtutem
616 2885 716 2942 autem
739 2881 877 2964 ignoras.
921 2877 1008 2942 lesus
1037 2885 1136 2942 autem
1168 2884 1216 2942 est
1237 2881 1290 2941 in-

143 2996 233 3078 signe
256 3008 388 3074 nomen,
410 3006 468 3054 sex
489 2984 608 3050 habens
630 2985 765 3073 litteras,
796 2987 834 3051 ab
862 2987 1002 3050 omnibus
1026 2989 1078 3068 qui
1100 2992 1171 3051 sunt
1193 3004 1290 3051 voca-

143 3099 237 3163 tionis
259 3097 426 3181 eognitum.
471 3094 546 3158 lllud
571 3101 682 3178 autem,
706 3094 788 3177 quod
814 3101 862 3157 est
883 3093 965 3176 apud
990 3111 1107 3158 aeonas
1130 3094 1289 3176 pleroma·

143 3207 199 3289 tis,
223 3223 292 3269 cum
314 3206 353 3268 sit
378 3201 570 3266 multilariam
600 3202 751 3287 existens,
782 3200 906 3265 alterius
936 3207 982 3264 est
1014 3200 1131 3265 lormae
1154 3208 1186 3265 et
1208 3202 1290 3266 alta-

142 3316 206 3377 rius
227 3312 307 3397 typi,
330 3309 415 3393 quod
438 3308 618 3394 intelligitur
642 3309 679 3374 ab
698 3309 781 3390 ipsis,
805 3307 855 3390 qui
871 3314 943 3372 sunt
959 3307 1083 3391 cognati
1103 3309 1180 3393 eius,
1204 3326 1290 3391 quo-

143 3439 211 3484 rum
235 3416 461 3504 magnitudines
484 3417 564 3499 apud
590 3434 659 3479 eum
680 3424 751 3480 sunt
773 3433 904 3498 semper.

230 3528 260 3589 5.
303 3524 365 3588 llas
387 3525 499 3611 igitur,
521 3543 601 3607 quae
625 3522 705 3606 apud
734 3541 791 3586 nos
823 3529 894 3586 sunt
925 3523 1032 3608 viginti
1060 3527 1205 3605 quattuor
1235 3523 1289 3585 lit-

141 3639 245 3718 terae,
282 3631 494 3696 emanationes
526 3649 597 3696 esse
627 3631 765 3714 intellige
795 3631 884 3694 trium
919 3630 1060 3693 virtutum
1100 3631 1289 3716 imaginales,

143 3757 247 3802 earum
271 3755 351 3821 quae
375 3741 535 3802 continent
556 3740 732 3802 universum
756 3755 836 3819 quae
866 3742 936 3799 sunt
965 3753 1084 3800 sursum
1114 3735 1289 3800 elemento-

141 3863 207 3909 rum
233 3862 402 3909 numerum.
445 3845 543 3910 llutos
579 3845 659 3908 enim
692 3845 810 3908 litteras
847 3861 959 3908 novem
993 3850 1065 3926 puta
1093 3860 1166 3909 esse
1191 3844 1288 3909 Patris

144 3961 174 4015 et
194 3952 355 4032 Veritatis,
380 3954 524 4033 quoniam
546 3953 614 4014 sine
636 3969 714 4015 voce
737 3952 814 4034 sint,
848 3949 909 4014 boo
941 3960 989 4015 est
1013 3960 1044 4015 et
1064 3953 1287 4016 inenarrabiles

143 4114 169 4169 6.
189 4112 322 4180 ἀληθείας.
355 4112 469 4168 Ἧκονσά
487 4130 536 4169 oea
554 4113 625 4168 τοῦτο
643 4109 749 4185 dnapC
864 4114 890 4169 9.
915 4115 1023 4168 πάντων
1045 4115 1088 4182 τῆς
1112 4115 1214 4169 omisso
1240 4115 1291 4168 acia

142 4201 164 4261 C
182 4203 213 4260 Μ
288 4205 330 4260 10.
350 4202 570 4282 ἐπικαλούμενον]
592 4206 776 4278 ἐγναλούμενα
794 4205 815 4261 C
833 4204 863 4262 M
918 4209 1006 4272 πέντε,
1025 4207 1098 4281 quod
1112 4223 1201 4282 neque
1215 4203 1289 4278 Epi-

141 4296 259 4369 phanias
277 4314 368 4370 neque
389 4295 521 4352 irenaeus
540 4298 587 4353 lat.
606 4306 724 4364 uomet,
743 4315 793 4371 par
811 4315 934 4354 errorem
953 4300 1066 4372 irrepsit
1082 4301 1111 4354 iu
1130 4297 1152 4354 C
1246 4299 1287 4353 ld.

139 4384 284 4466 εἰκονινὰς]
305 4386 362 4467 [καὶ
385 4387 503 4466 εἰκόν]ας
525 4387 555 4445 M
672 4393 713 4448 16.
743 4388 815 4468 ὅλον]
836 4389 902 4464 ὅρον
926 4389 996 4448 cll
1108 4393 1156 4446 troi
1181 4392 1289 4446 uncinis

140 4482 303 4538 inclusimus
352 4481 425 4538 Ante
445 4484 495 4538 raia
517 4482 694 4538 inserendum
712 4501 773 4539 ease
790 4485 836 4539 ιόν
853 4493 949 4540 censat
964 4483 996 4540 Μ
