<?xml version="1.0" encoding="UTF-8"?>
<!DOCTYPE html PUBLIC "-//W3C//DTD XHTML 1.0 Transitional//EN"
    "http://www.w3.org/TR/xhtml1/DTD/xhtml1-transitional.dtd">
<html xmlns="http://www.w3.org/1999/xhtml" xml:lang="en" lang="en">
 <head>
  <title>
</title>
<meta http-equiv="Content-Type" content="text/html;charset=utf-8" />
  <meta name='ocr-system' content='tesseract 3.04.00' />
  <meta name='ocr-capabilities' content='ocr_page ocr_carea ocr_par ocr_line ocrx_word'/>
</head>
<body>
  <div class='ocr_page' id='page_1' title='image "./refutationisomn00hippgoog_0160.png"; bbox 0 0 3006 4976; ppageno 0'>
   <div class='ocr_carea' id='block_1_1' title="bbox 631 317 1286 384">
    <p class='ocr_par' dir='ltr' id='par_1_1' title="bbox 631 317 1286 384">
     <span class='ocr_line' id='line_1_1' title="bbox 631 317 1286 384; baseline 0.011 -8"><span class='ocrx_word' id='word_1_1' title='bbox 631 319 811 379; x_wconf 71' lang='lat' dir='ltr'><strong>dissecto.</strong></span> <span class='ocrx_word' id='word_1_2' title='bbox 1225 317 1286 384; x_wconf 77' lang='lat'><strong>147</strong></span> 
     </span>
    </p>
   </div>
   <div class='ocr_carea' id='block_1_2' title="bbox 139 479 1378 3342">
    <p class='ocr_par' dir='ltr' id='par_1_2' title="bbox 139 479 1378 1315">
     <span class='ocr_line' id='line_1_2' title="bbox 139 479 1378 568; baseline 0.005 -26"><span class='ocrx_word' id='word_1_3' title='bbox 139 479 202 544; x_wconf 90' lang='lat' dir='ltr'><strong>boc</strong></span> <span class='ocrx_word' id='word_1_4' title='bbox 226 488 274 544; x_wconf 91' lang='lat' dir='ltr'><strong>est</strong></span> <span class='ocrx_word' id='word_1_5' title='bbox 296 499 313 543; x_wconf 87' lang='lat' dir='ltr'><strong>a</strong></span> <span class='ocrx_word' id='word_1_6' title='bbox 334 481 429 546; x_wconf 85' lang='lat' dir='ltr'><strong>beato</strong></span> <span class='ocrx_word' id='word_1_7' title='bbox 453 482 585 564; x_wconf 82' lang='lat' dir='ltr'><strong>desuper</strong></span> <span class='ocrx_word' id='word_1_8' title='bbox 607 483 731 549; x_wconf 87' lang='lat' dir='ltr'><strong>bomine</strong></span> <span class='ocrx_word' id='word_1_9' title='bbox 756 493 808 548; x_wconf 88' lang='lat' dir='ltr'><strong>aut</strong></span> <span class='ocrx_word' id='word_1_10' title='bbox 830 487 965 568; x_wconf 91' lang='lat' dir='ltr'><strong>primore</strong></span> <span class='ocrx_word' id='word_1_11' title='bbox 988 485 1112 548; x_wconf 91' lang='lat' dir='ltr'><strong>homine</strong></span> <span class='ocrx_word' id='word_1_12' title='bbox 1133 493 1185 550; x_wconf 89' lang='lat' dir='ltr'><strong>aut</strong></span> <span class='ocrx_word' id='word_1_13' title='bbox 1199 487 1287 552; x_wconf 81' lang='lat' dir='ltr'><strong>Ade-</strong></span> <span class='ocrx_word' id='word_1_14' title='bbox 1376 540 1378 548; x_wconf 81' lang='grc'><strong>,</strong></span> 
     </span>
     <span class='ocr_line' id='line_1_3' title="bbox 141 589 1285 678; baseline 0.007 -30"><span class='ocrx_word' id='word_1_15' title='bbox 141 595 268 672; x_wconf 84' lang='lat' dir='ltr'><strong>mente,</strong></span> <span class='ocrx_word' id='word_1_16' title='bbox 298 595 331 651; x_wconf 93' lang='lat' dir='ltr'><strong>ut</strong></span> <span class='ocrx_word' id='word_1_17' title='bbox 353 589 412 652; x_wconf 87' lang='lat' dir='ltr'><strong>iilis</strong></span> <span class='ocrx_word' id='word_1_18' title='bbox 436 589 571 674; x_wconf 84' lang='lat' dir='ltr'><strong>videtur,</strong></span> <span class='ocrx_word' id='word_1_19' title='bbox 607 591 723 654; x_wconf 89' lang='lat' dir='ltr'><strong>detrusi</strong></span> <span class='ocrx_word' id='word_1_20' title='bbox 746 592 807 653; x_wconf 88' lang='lat' dir='ltr'><strong>sint</strong></span> <span class='ocrx_word' id='word_1_21' title='bbox 829 591 889 654; x_wconf 89' lang='lat' dir='ltr'><strong>buc</strong></span> <span class='ocrx_word' id='word_1_22' title='bbox 912 593 941 654; x_wconf 93' lang='lat' dir='ltr'><strong>in</strong></span> <span class='ocrx_word' id='word_1_23' title='bbox 964 591 1140 674; x_wconf 79' lang='lat' dir='ltr'><strong>figmentum</strong></span> <span class='ocrx_word' id='word_1_24' title='bbox 1161 594 1285 678; x_wconf 88' lang='lat' dir='ltr'><strong>luteum,</strong></span> 
     </span>
     <span class='ocr_line' id='line_1_4' title="bbox 141 694 1285 783; baseline 0.007 -27"><span class='ocrx_word' id='word_1_25' title='bbox 141 701 175 756; x_wconf 92' lang='lat' dir='ltr'><strong>ut</strong></span> <span class='ocrx_word' id='word_1_26' title='bbox 198 695 335 759; x_wconf 88' lang='lat' dir='ltr'><strong>serviant</strong></span> <span class='ocrx_word' id='word_1_27' title='bbox 357 694 447 760; x_wconf 89' lang='lat' dir='ltr'><strong>huius</strong></span> <span class='ocrx_word' id='word_1_28' title='bbox 469 705 632 760; x_wconf 76' lang='lat' dir='ltr'><strong>creaturae</strong></span> <span class='ocrx_word' id='word_1_29' title='bbox 660 697 838 781; x_wconf 83' lang='lat' dir='ltr'>demiurgo,</span> <span class='ocrx_word' id='word_1_30' title='bbox 866 697 1061 782; x_wconf 83' lang='lat' dir='ltr'><strong>laldabaotb‚</strong></span> <span class='ocrx_word' id='word_1_31' title='bbox 1093 699 1152 763; x_wconf 90' lang='lat' dir='ltr'><strong>deo</strong></span> <span class='ocrx_word' id='word_1_32' title='bbox 1180 701 1285 783; x_wconf 78' lang='lat' dir='ltr'><strong>igneo,</strong></span> 
     </span>
     <span class='ocr_line' id='line_1_5' title="bbox 142 804 1326 888; baseline 0.008 -27"><span class='ocrx_word' id='word_1_33' title='bbox 142 819 274 864; x_wconf 91' lang='lat' dir='ltr'><strong>numero</strong></span> <span class='ocrx_word' id='word_1_34' title='bbox 296 809 424 884; x_wconf 85' lang='lat' dir='ltr'><strong>quarto:</strong></span> <span class='ocrx_word' id='word_1_35' title='bbox 455 804 495 866; x_wconf 93' lang='lat' dir='ltr'><strong>ita</strong></span> <span class='ocrx_word' id='word_1_36' title='bbox 520 805 600 866; x_wconf 92' lang='lat' dir='ltr'><strong>enim</strong></span> <span class='ocrx_word' id='word_1_37' title='bbox 625 804 815 888; x_wconf 81' lang='lat' dir='ltr'>demiurgum</span> <span class='ocrx_word' id='word_1_38' title='bbox 839 813 870 868; x_wconf 90' lang='lat' dir='ltr'><strong>et</strong></span> <span class='ocrx_word' id='word_1_39' title='bbox 891 813 1007 886; x_wconf 90' lang='lat' dir='ltr'><strong>patrem</strong></span> <span class='ocrx_word' id='word_1_40' title='bbox 1025 806 1168 886; x_wconf 91' lang='lat' dir='ltr'><strong>specialis</strong></span> <span class='ocrx_word' id='word_1_41' title='bbox 1182 808 1326 870; x_wconf 84' lang='lat' dir='ltr'><strong>mundtm</strong></span> 
     </span>
     <span class='ocr_line' id='line_1_6' title="bbox 142 917 278 988; baseline 0 -16"><span class='ocrx_word' id='word_1_42' title='bbox 142 917 278 988; x_wconf 83' lang='lat' dir='ltr'><strong>vocant;</strong></span> 
     </span>
     <span class='ocr_line' id='line_1_7' title="bbox 401 1017 1019 1101; baseline 0.003 -21"><span class='ocrx_word' id='word_1_43' title='bbox 401 1017 540 1080; x_wconf 88' lang='lat' dir='ltr'><strong>Tenebat</strong></span> <span class='ocrx_word' id='word_1_44' title='bbox 562 1025 664 1080; x_wconf 85' lang='lat' dir='ltr'><strong>antem</strong></span> <span class='ocrx_word' id='word_1_45' title='bbox 687 1019 803 1101; x_wconf 79' lang='lat' dir='ltr'><strong>virgam</strong></span> <span class='ocrx_word' id='word_1_46' title='bbox 828 1018 858 1080; x_wconf 92' lang='lat' dir='ltr'><strong>in</strong></span> <span class='ocrx_word' id='word_1_47' title='bbox 882 1018 1019 1082; x_wconf 87' lang='lat' dir='ltr'><strong>manibus</strong></span> 
     </span>
     <span class='ocr_line' id='line_1_8' title="bbox 270 1121 1130 1208; baseline 0.005 -24"><span class='ocrx_word' id='word_1_48' title='bbox 270 1121 439 1208; x_wconf 84' lang='lat' dir='ltr'><strong>Pulchram,</strong></span> <span class='ocrx_word' id='word_1_49' title='bbox 463 1143 597 1208; x_wconf 81' lang='lat' dir='ltr'><strong>auream,</strong></span> <span class='ocrx_word' id='word_1_50' title='bbox 621 1143 681 1206; x_wconf 84' lang='lat' dir='ltr'><strong>qua</strong></span> <span class='ocrx_word' id='word_1_51' title='bbox 704 1124 859 1189; x_wconf 90' lang='lat' dir='ltr'><strong>hominum</strong></span> <span class='ocrx_word' id='word_1_52' title='bbox 884 1125 994 1188; x_wconf 87' lang='lat' dir='ltr'><strong>oculos</strong></span> <span class='ocrx_word' id='word_1_53' title='bbox 1018 1126 1130 1190; x_wconf 87' lang='lat' dir='ltr'><strong>mulcet</strong></span> 
     </span>
     <span class='ocr_line' id='line_1_9' title="bbox 272 1230 1138 1315; baseline 0.006 -23"><span class='ocrx_word' id='word_1_54' title='bbox 272 1230 409 1303; x_wconf 82' lang='lat' dir='ltr'><strong>Quorum</strong></span> <span class='ocrx_word' id='word_1_55' title='bbox 433 1232 504 1315; x_wconf 84' lang='lat' dir='ltr'><strong>vuit,</strong></span> <span class='ocrx_word' id='word_1_56' title='bbox 530 1232 606 1294; x_wconf 87' lang='lat' dir='ltr'><strong>aiios</strong></span> <span class='ocrx_word' id='word_1_57' title='bbox 628 1239 730 1294; x_wconf 87' lang='lat' dir='ltr'><strong>autem</strong></span> <span class='ocrx_word' id='word_1_58' title='bbox 754 1239 785 1295; x_wconf 92' lang='lat' dir='ltr'><strong>et</strong></span> <span class='ocrx_word' id='word_1_59' title='bbox 808 1231 995 1296; x_wconf 83' lang='lat' dir='ltr'><strong>dormientes</strong></span> <span class='ocrx_word' id='word_1_60' title='bbox 1016 1235 1138 1297; x_wconf 86' lang='lat' dir='ltr'><strong>excitat.</strong></span> 
     </span>
    </p>

    <p class='ocr_par' dir='ltr' id='par_1_3' title="bbox 140 1334 1326 2808">
     <span class='ocr_line' id='line_1_10' title="bbox 143 1334 1326 1422; baseline 0.008 -26"><span class='ocrx_word' id='word_1_61' title='bbox 143 1334 214 1420; x_wconf 86' lang='lat' dir='ltr'><strong>iiic,</strong></span> <span class='ocrx_word' id='word_1_62' title='bbox 243 1337 357 1422; x_wconf 88' lang='lat' dir='ltr'><strong>inquit,</strong></span> <span class='ocrx_word' id='word_1_63' title='bbox 390 1345 439 1402; x_wconf 88' lang='lat' dir='ltr'><strong>est</strong></span> <span class='ocrx_word' id='word_1_64' title='bbox 459 1340 541 1402; x_wconf 86' lang='lat' dir='ltr'><strong>vitae</strong></span> <span class='ocrx_word' id='word_1_65' title='bbox 565 1347 597 1401; x_wconf 90' lang='lat' dir='ltr'><strong>et</strong></span> <span class='ocrx_word' id='word_1_66' title='bbox 618 1340 725 1401; x_wconf 90' lang='lat' dir='ltr'><strong>mortis</strong></span> <span class='ocrx_word' id='word_1_67' title='bbox 747 1339 832 1402; x_wconf 91' lang='lat' dir='ltr'><strong>solus</strong></span> <span class='ocrx_word' id='word_1_68' title='bbox 853 1338 971 1402; x_wconf 90' lang='lat' dir='ltr'><strong>babens</strong></span> <span class='ocrx_word' id='word_1_69' title='bbox 992 1345 1185 1421; x_wconf 89' lang='lat' dir='ltr'><strong>potestatem.</strong></span> <span class='ocrx_word' id='word_1_70' title='bbox 1241 1343 1326 1406; x_wconf 72' lang='lat' dir='ltr'><strong>uest</strong></span> 
     </span>
     <span class='ocr_line' id='line_1_11' title="bbox 142 1440 1282 1528; baseline 0.006 -24"><span class='ocrx_word' id='word_1_71' title='bbox 142 1440 220 1526; x_wconf 89' lang='lat' dir='ltr'><strong>boc,</strong></span> <span class='ocrx_word' id='word_1_72' title='bbox 242 1443 355 1528; x_wconf 86' lang='lat' dir='ltr'><strong>inquit,</strong></span> <span class='ocrx_word' id='word_1_73' title='bbox 378 1445 522 1527; x_wconf 88' lang='lat' dir='ltr'><strong>scriptum</strong></span> <span class='ocrx_word' id='word_1_74' title='bbox 548 1452 614 1510; x_wconf 89' lang='lat' dir='ltr'><strong>est:</strong></span> <span class='ocrx_word' id='word_1_75' title='bbox 646 1446 746 1528; x_wconf 72' lang='lat' dir='ltr'><strong>nepes</strong></span> <span class='ocrx_word' id='word_1_76' title='bbox 769 1447 839 1508; x_wconf 76' lang='lat' dir='ltr'><strong>iilos</strong></span> <span class='ocrx_word' id='word_1_77' title='bbox 859 1447 893 1508; x_wconf 85' lang='lat' dir='ltr'><strong>in</strong></span> <span class='ocrx_word' id='word_1_78' title='bbox 914 1447 1006 1526; x_wconf 77' lang='lat' dir='ltr'><strong>oirpa</strong></span> <span class='ocrx_word' id='word_1_79' title='bbox 1029 1446 1145 1526; x_wconf 66' lang='lat' dir='ltr'><strong>serrem</strong></span> <span class='ocrx_word' id='word_1_80' title='bbox 1190 1448 1282 1513; x_wconf 82' lang='lat' dir='ltr'><strong>Poe&#39;ta</strong></span> 
     </span>
     <span class='ocr_line' id='line_1_12' title="bbox 144 1551 1286 1638; baseline 0.005 -26"><span class='ocrx_word' id='word_1_81' title='bbox 144 1557 264 1632; x_wconf 89' lang='lat' dir='ltr'><strong>autem,</strong></span> <span class='ocrx_word' id='word_1_82' title='bbox 295 1554 401 1638; x_wconf 85' lang='lat' dir='ltr'><strong>inquit,</strong></span> <span class='ocrx_word' id='word_1_83' title='bbox 440 1571 553 1617; x_wconf 91' lang='lat' dir='ltr'><strong>ornare</strong></span> <span class='ocrx_word' id='word_1_84' title='bbox 581 1553 689 1617; x_wconf 85' lang='lat' dir='ltr'><strong>volens</strong></span> <span class='ocrx_word' id='word_1_85' title='bbox 718 1551 1029 1633; x_wconf 83' lang='lat' dir='ltr'><strong>incomprehensibile</strong></span> <span class='ocrx_word' id='word_1_86' title='bbox 1052 1555 1163 1618; x_wconf 90' lang='lat' dir='ltr'><strong>beatae</strong></span> <span class='ocrx_word' id='word_1_87' title='bbox 1193 1563 1286 1618; x_wconf 87' lang='lat' dir='ltr'><strong>natu-</strong></span> 
     </span>
     <span class='ocr_line' id='line_1_13' title="bbox 145 1655 1287 1741; baseline 0.004 -23"><span class='ocrx_word' id='word_1_88' title='bbox 145 1673 200 1718; x_wconf 91' lang='lat' dir='ltr'><strong>rae</strong></span> <span class='ocrx_word' id='word_1_89' title='bbox 225 1655 312 1739; x_wconf 80' lang='lat' dir='ltr'><strong>Legi,</strong></span> <span class='ocrx_word' id='word_1_90' title='bbox 334 1675 397 1720; x_wconf 88' lang='lat' dir='ltr'><strong>non</strong></span> <span class='ocrx_word' id='word_1_91' title='bbox 421 1655 565 1741; x_wconf 81' lang='lat' dir='ltr'><strong>ferream,</strong></span> <span class='ocrx_word' id='word_1_92' title='bbox 589 1656 646 1720; x_wconf 88' lang='lat' dir='ltr'><strong>sed</strong></span> <span class='ocrx_word' id='word_1_93' title='bbox 668 1675 794 1722; x_wconf 84' lang='lat' dir='ltr'><strong>amcam</strong></span> <span class='ocrx_word' id='word_1_94' title='bbox 816 1656 923 1719; x_wconf 82' lang='lat' dir='ltr'><strong>tribuit</strong></span> <span class='ocrx_word' id='word_1_95' title='bbox 946 1655 1065 1739; x_wconf 86' lang='lat' dir='ltr'><strong>virgam</strong></span> <span class='ocrx_word' id='word_1_96' title='bbox 1089 1660 1127 1721; x_wconf 90' lang='lat' dir='ltr'><strong>ei.</strong></span> <span class='ocrx_word' id='word_1_97' title='bbox 1172 1659 1287 1723; x_wconf 89' lang='lat' dir='ltr'><strong>biuicet</strong></span> 
     </span>
     <span class='ocr_line' id='line_1_14' title="bbox 145 1762 1287 1848; baseline 0.002 -22"><span class='ocrx_word' id='word_1_98' title='bbox 145 1768 248 1826; x_wconf 87' lang='lat' dir='ltr'><strong>autem</strong></span> <span class='ocrx_word' id='word_1_99' title='bbox 280 1765 388 1827; x_wconf 87' lang='lat' dir='ltr'><strong>ocutos</strong></span> <span class='ocrx_word' id='word_1_100' title='bbox 420 1770 628 1848; x_wconf 87' lang='lat' dir='ltr'><strong>mortuorum,</strong></span> <span class='ocrx_word' id='word_1_101' title='bbox 672 1764 784 1847; x_wconf 84' lang='lat' dir='ltr'><strong>inquit,</strong></span> <span class='ocrx_word' id='word_1_102' title='bbox 826 1762 903 1826; x_wconf 88' lang='lat' dir='ltr'><strong>alios</strong></span> <span class='ocrx_word' id='word_1_103' title='bbox 933 1768 1034 1825; x_wconf 86' lang='lat' dir='ltr'><strong>autem</strong></span> <span class='ocrx_word' id='word_1_104' title='bbox 1066 1772 1099 1827; x_wconf 90' lang='lat' dir='ltr'><strong>et</strong></span> <span class='ocrx_word' id='word_1_105' title='bbox 1127 1765 1287 1831; x_wconf 91' lang='lat' dir='ltr'><strong>dormien-</strong></span> 
     </span>
     <span class='ocr_line' id='line_1_15' title="bbox 143 1869 1324 1957; baseline 0.003 -25"><span class='ocrx_word' id='word_1_106' title='bbox 143 1875 192 1934; x_wconf 89' lang='lat' dir='ltr'><strong>tes</strong></span> <span class='ocrx_word' id='word_1_107' title='bbox 227 1871 358 1954; x_wconf 86' lang='lat' dir='ltr'><strong>excitet,</strong></span> <span class='ocrx_word' id='word_1_108' title='bbox 392 1888 502 1934; x_wconf 88' lang='lat' dir='ltr'><strong>somno</strong></span> <span class='ocrx_word' id='word_1_109' title='bbox 533 1869 773 1954; x_wconf 76' lang='lat' dir='ltr'><strong>expergefactos</strong></span> <span class='ocrx_word' id='word_1_110' title='bbox 810 1875 840 1932; x_wconf 88' lang='lat' dir='ltr'><strong>et</strong></span> <span class='ocrx_word' id='word_1_111' title='bbox 874 1870 973 1933; x_wconf 84' lang='lat' dir='ltr'><strong>iactos</strong></span> <span class='ocrx_word' id='word_1_112' title='bbox 1006 1888 1121 1951; x_wconf 91' lang='lat' dir='ltr'><strong>procos</strong></span> <span class='ocrx_word' id='word_1_113' title='bbox 1153 1871 1324 1957; x_wconf 81' lang='lat' dir='ltr'><strong>(memo-ao</strong></span> 
     </span>
     <span class='ocr_line' id='line_1_16' title="bbox 142 1976 1285 2064; baseline 0.003 -24"><span class='ocrx_word' id='word_1_114' title='bbox 142 1977 215 2060; x_wconf 81' lang='lat' dir='ltr'><strong>res).</strong></span> <span class='ocrx_word' id='word_1_115' title='bbox 258 1978 306 2041; x_wconf 87' lang='lat' dir='ltr'><strong>De</strong></span> <span class='ocrx_word' id='word_1_116' title='bbox 328 1977 388 2062; x_wconf 85' lang='lat' dir='ltr'><strong>bis,</strong></span> <span class='ocrx_word' id='word_1_117' title='bbox 420 1981 475 2064; x_wconf 87' lang='lat' dir='ltr'><strong>eit,</strong></span> <span class='ocrx_word' id='word_1_118' title='bbox 506 1981 654 2061; x_wconf 88' lang='lat' dir='ltr'><strong>scriptura</strong></span> <span class='ocrx_word' id='word_1_119' title='bbox 679 1977 767 2042; x_wconf 90' lang='lat' dir='ltr'><strong>dicit:</strong></span> <span class='ocrx_word' id='word_1_120' title='bbox 798 1976 915 2059; x_wconf 76' lang='lat' dir='ltr'><strong>serpe,</strong></span> <span class='ocrx_word' id='word_1_121' title='bbox 939 1977 993 2058; x_wconf 79' lang='lat' dir='ltr'><strong>qui</strong></span> <span class='ocrx_word' id='word_1_122' title='bbox 1014 1979 1146 2058; x_wconf 76' lang='grc' dir='ltr'><strong><em>σσιιιιίι,</em></strong></span> <span class='ocrx_word' id='word_1_123' title='bbox 1174 1989 1206 2043; x_wconf 84' lang='lat' dir='ltr'><strong>et</strong></span> <span class='ocrx_word' id='word_1_124' title='bbox 1226 2001 1285 2045; x_wconf 77' lang='lat' dir='ltr'><strong>ee-</strong></span> 
     </span>
     <span class='ocr_line' id='line_1_17' title="bbox 140 2083 1286 2169; baseline 0.003 -22"><span class='ocrx_word' id='word_1_125' title='bbox 140 2103 244 2168; x_wconf 83' lang='lat' dir='ltr'><strong>rurpe,</strong></span> <span class='ocrx_word' id='word_1_126' title='bbox 267 2093 299 2148; x_wconf 87' lang='lat' dir='ltr'><strong>et</strong></span> <span class='ocrx_word' id='word_1_127' title='bbox 317 2087 500 2149; x_wconf 71' lang='lat' dir='ltr'><strong>illuminabit</strong></span> <span class='ocrx_word' id='word_1_128' title='bbox 521 2087 576 2148; x_wconf 90' lang='lat' dir='ltr'><strong>tibi</strong></span> <span class='ocrx_word' id='word_1_129' title='bbox 604 2087 749 2149; x_wconf 77' lang='lat' dir='ltr'><strong>Obrimas.</strong></span> <span class='ocrx_word' id='word_1_130' title='bbox 805 2084 862 2146; x_wconf 88' lang='lat' dir='ltr'><strong>Hie</strong></span> <span class='ocrx_word' id='word_1_131' title='bbox 891 2089 937 2146; x_wconf 91' lang='lat' dir='ltr'><strong>est</strong></span> <span class='ocrx_word' id='word_1_132' title='bbox 967 2083 1121 2169; x_wconf 83' lang='lat' dir='ltr'><strong>Christus,</strong></span> <span class='ocrx_word' id='word_1_133' title='bbox 1154 2087 1185 2149; x_wconf 93' lang='lat' dir='ltr'><strong>in</strong></span> <span class='ocrx_word' id='word_1_134' title='bbox 1215 2106 1286 2151; x_wconf 90' lang='lat' dir='ltr'><strong>om·-</strong></span> 
     </span>
     <span class='ocr_line' id='line_1_18' title="bbox 143 2189 1283 2279; baseline 0.004 -27"><span class='ocrx_word' id='word_1_135' title='bbox 143 2190 233 2254; x_wconf 83' lang='lat' dir='ltr'><strong>nibus</strong></span> <span class='ocrx_word' id='word_1_136' title='bbox 268 2193 424 2273; x_wconf 83' lang='lat' dir='ltr'><strong>generatis</strong></span> <span class='ocrx_word' id='word_1_137' title='bbox 459 2191 538 2255; x_wconf 85' lang='lat' dir='ltr'><strong>filius</strong></span> <span class='ocrx_word' id='word_1_138' title='bbox 571 2191 703 2256; x_wconf 91' lang='lat' dir='ltr'><strong>bominis</strong></span> <span class='ocrx_word' id='word_1_139' title='bbox 733 2191 886 2273; x_wconf 83' lang='lat' dir='ltr'><strong>effigiatus</strong></span> <span class='ocrx_word' id='word_1_140' title='bbox 918 2189 956 2253; x_wconf 89' lang='lat' dir='ltr'><strong>ab</strong></span> <span class='ocrx_word' id='word_1_141' title='bbox 984 2191 1152 2273; x_wconf 80' lang='lat' dir='ltr'><strong>ineffigiato</strong></span> <span class='ocrx_word' id='word_1_142' title='bbox 1186 2194 1283 2279; x_wconf 81' lang='lat' dir='ltr'><strong>Lego.</strong></span> 
     </span>
     <span class='ocr_line' id='line_1_19' title="bbox 142 2295 1283 2382; baseline 0.005 -24"><span class='ocrx_word' id='word_1_143' title='bbox 142 2296 226 2381; x_wconf 86' lang='lat' dir='ltr'><strong>Hoc,</strong></span> <span class='ocrx_word' id='word_1_144' title='bbox 255 2298 369 2380; x_wconf 86' lang='lat' dir='ltr'><strong>inquit,</strong></span> <span class='ocrx_word' id='word_1_145' title='bbox 400 2305 448 2362; x_wconf 91' lang='lat' dir='ltr'><strong>est</strong></span> <span class='ocrx_word' id='word_1_146' title='bbox 473 2317 615 2382; x_wconf 80' lang='lat' dir='ltr'><strong>magnum</strong></span> <span class='ocrx_word' id='word_1_147' title='bbox 639 2306 669 2363; x_wconf 95' lang='lat' dir='ltr'><strong>et</strong></span> <span class='ocrx_word' id='word_1_148' title='bbox 692 2316 837 2361; x_wconf 91' lang='lat' dir='ltr'><strong>arcanum</strong></span> <span class='ocrx_word' id='word_1_149' title='bbox 860 2295 1085 2361; x_wconf 90' lang='lat' dir='ltr'><strong>Eleusiniorum</strong></span> <span class='ocrx_word' id='word_1_150' title='bbox 1109 2303 1283 2381; x_wconf 80' lang='lat' dir='ltr'><strong>mysterium</strong></span> 
     </span>
     <span class='ocr_line' id='line_1_20' title="bbox 145 2391 1324 2488; baseline 0 -22"><span class='ocrx_word' id='word_1_151' title='bbox 145 2403 211 2485; x_wconf 79' lang='lat' dir='ltr'><strong>Hye</strong></span> <span class='ocrx_word' id='word_1_152' title='bbox 234 2405 306 2486; x_wconf 80' lang='lat' dir='ltr'><strong>Ope.</strong></span> <span class='ocrx_word' id='word_1_153' title='bbox 350 2404 439 2468; x_wconf 83' lang='lat' dir='ltr'><strong>litei</strong></span> <span class='ocrx_word' id='word_1_154' title='bbox 463 2407 563 2469; x_wconf 89' lang='lat' dir='ltr'><strong>omnia</strong></span> <span class='ocrx_word' id='word_1_155' title='bbox 586 2422 657 2468; x_wconf 88' lang='lat' dir='ltr'><strong>esse</strong></span> <span class='ocrx_word' id='word_1_156' title='bbox 680 2403 831 2488; x_wconf 84' lang='lat' dir='ltr'><strong>subiecta,</strong></span> <span class='ocrx_word' id='word_1_157' title='bbox 854 2409 884 2465; x_wconf 90' lang='lat' dir='ltr'><strong>et</strong></span> <span class='ocrx_word' id='word_1_158' title='bbox 906 2391 967 2467; x_wconf 81' lang='lat' dir='ltr'><strong>boc</strong></span> <span class='ocrx_word' id='word_1_159' title='bbox 990 2409 1038 2468; x_wconf 90' lang='lat' dir='ltr'><strong>est</strong></span> <span class='ocrx_word' id='word_1_160' title='bbox 1060 2405 1171 2469; x_wconf 88' lang='lat' dir='ltr'><strong>dictum</strong></span> <span class='ocrx_word' id='word_1_161' title='bbox 1195 2407 1324 2469; x_wconf 68' lang='lat' dir='ltr'><strong>illudet</strong></span> 
     </span>
     <span class='ocr_line' id='line_1_21' title="bbox 141 2510 1317 2600; baseline 0.004 -27"><span class='ocrx_word' id='word_1_162' title='bbox 141 2511 179 2573; x_wconf 84' lang='lat' dir='ltr'><strong>lo</strong></span> <span class='ocrx_word' id='word_1_163' title='bbox 198 2531 314 2574; x_wconf 83' lang='lat' dir='ltr'><strong>omnem</strong></span> <span class='ocrx_word' id='word_1_164' title='bbox 337 2519 452 2574; x_wconf 71' lang='grc' dir='ltr'><strong><em>ισιτσιιι</em></strong></span> <span class='ocrx_word' id='word_1_165' title='bbox 473 2513 552 2574; x_wconf 66' lang='lat' dir='ltr'><strong>exiit</strong></span> <span class='ocrx_word' id='word_1_166' title='bbox 574 2530 668 2574; x_wconf 76' lang='lat' dir='ltr'><strong>sonus</strong></span> <span class='ocrx_word' id='word_1_167' title='bbox 690 2531 812 2589; x_wconf 77' lang='lat' dir='ltr'><strong>comm,</strong></span> <span class='ocrx_word' id='word_1_168' title='bbox 834 2515 867 2573; x_wconf 92' lang='lat' dir='ltr'><strong>ut</strong></span> <span class='ocrx_word' id='word_1_169' title='bbox 889 2510 983 2573; x_wconf 90' lang='lat' dir='ltr'><strong>iilud:</strong></span> <span class='ocrx_word' id='word_1_170' title='bbox 1017 2513 1139 2594; x_wconf 83' lang='lat' dir='ltr'><strong>oirpom</strong></span> <span class='ocrx_word' id='word_1_171' title='bbox 1161 2534 1284 2577; x_wconf 80' lang='lat' dir='ltr'><strong>movens</strong></span> <span class='ocrx_word' id='word_1_172' title='bbox 1314 2595 1317 2600; x_wconf 20' lang='grc' dir='ltr'>Ι</span> 
     </span>
     <span class='ocr_line' id='line_1_22' title="bbox 141 2619 1284 2699; baseline 0 -18"><span class='ocrx_word' id='word_1_173' title='bbox 141 2619 227 2682; x_wconf 84' lang='lat' dir='ltr'><strong>ducit</strong></span> <span class='ocrx_word' id='word_1_174' title='bbox 246 2621 423 2696; x_wconf 72' lang='lat' dir='ltr'><strong>lercurius,</strong></span> <span class='ocrx_word' id='word_1_175' title='bbox 446 2619 520 2682; x_wconf 80' lang='lat' dir='ltr'><strong>iiiuc</strong></span> <span class='ocrx_word' id='word_1_176' title='bbox 541 2626 643 2681; x_wconf 83' lang='lat' dir='ltr'><strong>nutem</strong></span> <span class='ocrx_word' id='word_1_177' title='bbox 661 2619 825 2683; x_wconf 74' lang='lat' dir='ltr'><strong>stridentes</strong></span> <span class='ocrx_word' id='word_1_178' title='bbox 847 2627 1014 2699; x_wconf 81' lang='lat' dir='ltr'><strong>sequuntur</strong></span> <span class='ocrx_word' id='word_1_179' title='bbox 1037 2621 1155 2684; x_wconf 86' lang='lat' dir='ltr'><strong>animae</strong></span> <span class='ocrx_word' id='word_1_180' title='bbox 1179 2621 1284 2684; x_wconf 86' lang='lat' dir='ltr'><strong>conti-</strong></span> 
     </span>
     <span class='ocr_line' id='line_1_23' title="bbox 142 2723 1019 2808; baseline -0.003 -19"><span class='ocrx_word' id='word_1_181' title='bbox 142 2744 205 2791; x_wconf 92' lang='lat' dir='ltr'><strong>nuo</strong></span> <span class='ocrx_word' id='word_1_182' title='bbox 227 2728 277 2806; x_wconf 85' lang='lat' dir='ltr'><strong>ite,</strong></span> <span class='ocrx_word' id='word_1_183' title='bbox 294 2725 342 2790; x_wconf 69' lang='lat' dir='ltr'><strong>&#39;atv</strong></span> <span class='ocrx_word' id='word_1_184' title='bbox 355 2744 412 2808; x_wconf 89' lang='lat' dir='ltr'><strong>per</strong></span> <span class='ocrx_word' id='word_1_185' title='bbox 433 2727 598 2808; x_wconf 81' lang='lat' dir='ltr'><strong>imaginem</strong></span> <span class='ocrx_word' id='word_1_186' title='bbox 620 2731 712 2807; x_wconf 84' lang='lat' dir='ltr'><strong>poe&#39;ta</strong></span> <span class='ocrx_word' id='word_1_187' title='bbox 734 2723 870 2788; x_wconf 86' lang='lat' dir='ltr'><strong>ostendit</strong></span> <span class='ocrx_word' id='word_1_188' title='bbox 892 2723 1019 2788; x_wconf 90' lang='lat' dir='ltr'><strong>dicens:</strong></span> 
     </span>
    </p>

    <p class='ocr_par' dir='ltr' id='par_1_4' title="bbox 228 2830 1212 2917">
     <span class='ocr_line' id='line_1_24' title="bbox 228 2830 1212 2917; baseline -0.005 -20"><span class='ocrx_word' id='word_1_189' title='bbox 228 2833 266 2897; x_wconf 90' lang='lat' dir='ltr'><strong>Ut</strong></span> <span class='ocrx_word' id='word_1_190' title='bbox 288 2842 391 2898; x_wconf 88' lang='lat' dir='ltr'><strong>autem</strong></span> <span class='ocrx_word' id='word_1_191' title='bbox 414 2851 481 2896; x_wconf 89' lang='lat' dir='ltr'><strong>cum</strong></span> <span class='ocrx_word' id='word_1_192' title='bbox 505 2832 740 2914; x_wconf 84' lang='lat' dir='ltr'><strong>vespertiliones</strong></span> <span class='ocrx_word' id='word_1_193' title='bbox 763 2831 795 2893; x_wconf 87' lang='lat' dir='ltr'><strong>in</strong></span> <span class='ocrx_word' id='word_1_194' title='bbox 818 2831 932 2917; x_wconf 81' lang='lat' dir='ltr'><strong>angulo</strong></span> <span class='ocrx_word' id='word_1_195' title='bbox 956 2849 1067 2913; x_wconf 90' lang='lat' dir='ltr'><strong>specus</strong></span> <span class='ocrx_word' id='word_1_196' title='bbox 1091 2830 1212 2893; x_wconf 89' lang='lat' dir='ltr'><strong>divinae</strong></span> 
     </span>
    </p>

    <p class='ocr_par' dir='ltr' id='par_1_5' title="bbox 229 2937 1325 3023">
     <span class='ocr_line' id='line_1_25' title="bbox 229 2937 1325 3023; baseline -0.008 -17"><span class='ocrx_word' id='word_1_197' title='bbox 229 2939 399 3006; x_wconf 88' lang='lat' dir='ltr'><strong>Stridentes</strong></span> <span class='ocrx_word' id='word_1_198' title='bbox 421 2940 527 3004; x_wconf 88' lang='lat' dir='ltr'><strong>volant</strong></span> <span class='ocrx_word' id='word_1_199' title='bbox 548 2941 601 3003; x_wconf 91' lang='lat' dir='ltr'><strong>ubi</strong></span> <span class='ocrx_word' id='word_1_200' title='bbox 623 2941 691 3023; x_wconf 85' lang='lat' dir='ltr'><strong>quis</strong></span> <span class='ocrx_word' id='word_1_201' title='bbox 714 2937 831 3002; x_wconf 90' lang='lat' dir='ltr'><strong>decidit</strong></span> <span class='ocrx_word' id='word_1_202' title='bbox 1293 2945 1325 2997; x_wconf 77' lang='lat' dir='ltr'><strong>rc</strong></span> 
     </span>
    </p>

    <p class='ocr_par' dir='ltr' id='par_1_6' title="bbox 140 3044 1283 3342">
     <span class='ocr_line' id='line_1_26' title="bbox 227 3044 1007 3132; baseline -0.009 -21"><span class='ocrx_word' id='word_1_203' title='bbox 227 3047 273 3111; x_wconf 85' lang='lat' dir='ltr'><strong>Ex</strong></span> <span class='ocrx_word' id='word_1_204' title='bbox 296 3049 379 3111; x_wconf 88' lang='lat' dir='ltr'><strong>serie</strong></span> <span class='ocrx_word' id='word_1_205' title='bbox 402 3047 441 3112; x_wconf 92' lang='lat' dir='ltr'><strong>de</strong></span> <span class='ocrx_word' id='word_1_206' title='bbox 465 3066 551 3131; x_wconf 83' lang='lat' dir='ltr'><strong>rupe,</strong></span> <span class='ocrx_word' id='word_1_207' title='bbox 575 3054 605 3110; x_wconf 92' lang='lat' dir='ltr'><strong>et</strong></span> <span class='ocrx_word' id='word_1_208' title='bbox 628 3047 758 3110; x_wconf 89' lang='lat' dir='ltr'><strong>invicem</strong></span> <span class='ocrx_word' id='word_1_209' title='bbox 782 3044 1007 3132; x_wconf 74' lang='lat' dir='ltr'><strong>continentur.¹</strong></span> 
     </span>
     <span class='ocr_line' id='line_1_27' title="bbox 141 3145 1281 3238; baseline -0.007 -22"><span class='ocrx_word' id='word_1_210' title='bbox 141 3153 190 3216; x_wconf 82' lang='lat' dir='ltr'><strong>De</strong></span> <span class='ocrx_word' id='word_1_211' title='bbox 211 3174 296 3235; x_wconf 83' lang='lat' dir='ltr'><strong>rupe,</strong></span> <span class='ocrx_word' id='word_1_212' title='bbox 319 3155 425 3238; x_wconf 84' lang='lat' dir='ltr'><strong>inquit,</strong></span> <span class='ocrx_word' id='word_1_213' title='bbox 450 3154 488 3216; x_wconf 93' lang='lat' dir='ltr'><strong>de</strong></span> <span class='ocrx_word' id='word_1_214' title='bbox 511 3152 684 3216; x_wconf 77' lang='lat' dir='ltr'><strong>Adamante</strong></span> <span class='ocrx_word' id='word_1_215' title='bbox 709 3145 803 3214; x_wconf 80' lang='lat' dir='ltr'><strong>dicit.¹</strong></span> <span class='ocrx_word' id='word_1_216' title='bbox 834 3151 905 3233; x_wconf 85' lang='lat' dir='ltr'><strong>iiic,</strong></span> <span class='ocrx_word' id='word_1_217' title='bbox 928 3150 1039 3230; x_wconf 86' lang='lat' dir='ltr'><strong>inquit,</strong></span> <span class='ocrx_word' id='word_1_218' title='bbox 1070 3154 1116 3210; x_wconf 89' lang='lat' dir='ltr'><strong>est</strong></span> <span class='ocrx_word' id='word_1_219' title='bbox 1138 3146 1281 3230; x_wconf 78' lang='lat' dir='ltr'><strong>Adamas,</strong></span> 
     </span>
     <span class='ocr_line' id='line_1_28' title="bbox 140 3254 1283 3342; baseline -0.006 -17"><span class='ocrx_word' id='word_1_220' title='bbox 140 3263 221 3342; x_wconf 78' lang='lat' dir='ltr'><strong>topia</strong></span> <span class='ocrx_word' id='word_1_221' title='bbox 241 3255 373 3325; x_wconf 72' lang='lat' dir='ltr'><strong>summor</strong></span> <span class='ocrx_word' id='word_1_222' title='bbox 394 3261 556 3342; x_wconf 77' lang='lat' dir='ltr'><strong>nequieris</strong></span> <span class='ocrx_word' id='word_1_223' title='bbox 576 3259 680 3339; x_wconf 72' lang='lat' dir='ltr'><strong>[cents</strong></span> <span class='ocrx_word' id='word_1_224' title='bbox 701 3261 733 3321; x_wconf 86' lang='lat' dir='ltr'><strong>in</strong></span> <span class='ocrx_word' id='word_1_225' title='bbox 755 3267 846 3339; x_wconf 82' lang='lat' dir='ltr'><strong>caput</strong></span> <span class='ocrx_word' id='word_1_226' title='bbox 868 3258 975 3338; x_wconf 78' lang='lat' dir='ltr'><strong>coycti</strong></span> <span class='ocrx_word' id='word_1_227' title='bbox 1003 3254 1145 3338; x_wconf 86' lang='lat' dir='ltr'><strong>(insertus</strong></span> <span class='ocrx_word' id='word_1_228' title='bbox 1170 3255 1201 3318; x_wconf 91' lang='lat' dir='ltr'><strong>in</strong></span> <span class='ocrx_word' id='word_1_229' title='bbox 1225 3275 1283 3318; x_wconf 86' lang='lat' dir='ltr'><strong>ca·</strong></span> 
     </span>
    </p>
   </div>
   <div class='ocr_carea' id='block_1_3' title="bbox 138 3364 1321 3772">
    <p class='ocr_par' dir='ltr' id='par_1_7' title="bbox 138 3364 1321 3772">
     <span class='ocr_line' id='line_1_29' title="bbox 140 3364 1281 3451; baseline -0.004 -21"><span class='ocrx_word' id='word_1_230' title='bbox 140 3375 195 3449; x_wconf 90' lang='lat' dir='ltr'><strong>put</strong></span> <span class='ocrx_word' id='word_1_231' title='bbox 223 3367 392 3451; x_wconf 82' lang='lat' dir='ltr'><strong>genitalis),</strong></span> <span class='ocrx_word' id='word_1_232' title='bbox 417 3405 457 3415; x_wconf 98' lang='lat'>-</span> <span class='ocrx_word' id='word_1_233' title='bbox 492 3368 523 3428; x_wconf 94' lang='lat' dir='ltr'><strong>in</strong></span> <span class='ocrx_word' id='word_1_234' title='bbox 554 3367 655 3448; x_wconf 85' lang='lat' dir='ltr'><strong>capite</strong></span> <span class='ocrx_word' id='word_1_235' title='bbox 685 3365 765 3428; x_wconf 90' lang='lat' dir='ltr'><strong>enim</strong></span> <span class='ocrx_word' id='word_1_236' title='bbox 796 3383 866 3428; x_wconf 91' lang='lat' dir='ltr'><strong>esse</strong></span> <span class='ocrx_word' id='word_1_237' title='bbox 897 3364 1090 3428; x_wconf 76' lang='lat' dir='ltr'><strong>formaticum</strong></span> <span class='ocrx_word' id='word_1_238' title='bbox 1120 3364 1281 3427; x_wconf 89' lang='lat' dir='ltr'><strong>cerebrum</strong></span> 
     </span>
     <span class='ocr_line' id='line_1_30' title="bbox 140 3461 1321 3555; baseline -0.007 -17"><span class='ocrx_word' id='word_1_239' title='bbox 140 3477 322 3555; x_wconf 86' lang='lat' dir='ltr'><strong>essentiam,</strong></span> <span class='ocrx_word' id='word_1_240' title='bbox 356 3461 397 3538; x_wconf 80' lang='lat' dir='ltr'><strong>ex</strong></span> <span class='ocrx_word' id='word_1_241' title='bbox 421 3493 483 3555; x_wconf 87' lang='lat' dir='ltr'><strong>quo</strong></span> <span class='ocrx_word' id='word_1_242' title='bbox 507 3474 606 3552; x_wconf 81' lang='lat' dir='ltr'><strong>omnis</strong></span> <span class='ocrx_word' id='word_1_243' title='bbox 629 3474 795 3553; x_wconf 87' lang='lat' dir='ltr'><strong>paternitas</strong></span> <span class='ocrx_word' id='word_1_244' title='bbox 819 3473 966 3536; x_wconf 80' lang='lat' dir='ltr'><strong>formatur</strong></span> <span class='ocrx_word' id='word_1_245' title='bbox 990 3507 1027 3518; x_wconf 93' lang='lat'><strong>·-</strong></span> <span class='ocrx_word' id='word_1_246' title='bbox 1058 3491 1146 3554; x_wconf 84' lang='lat' dir='ltr'><strong>quem</strong></span> <span class='ocrx_word' id='word_1_247' title='bbox 1168 3473 1280 3549; x_wconf 81' lang='lat' dir='ltr'><strong>insero,</strong></span> <span class='ocrx_word' id='word_1_248' title='bbox 1291 3481 1321 3530; x_wconf 82' lang='grc' dir='ltr'><strong>ιι</strong></span> 
     </span>
     <span class='ocr_line' id='line_1_31' title="bbox 138 3578 1282 3668; baseline -0.002 -24"><span class='ocrx_word' id='word_1_249' title='bbox 138 3581 255 3663; x_wconf 84' lang='lat' dir='ltr'><strong>inquit,</strong></span> <span class='ocrx_word' id='word_1_250' title='bbox 288 3583 481 3644; x_wconf 62' lang='lat' dir='ltr'><strong>amonentem</strong></span> <span class='ocrx_word' id='word_1_251' title='bbox 502 3583 535 3643; x_wconf 88' lang='lat' dir='ltr'><strong>in</strong></span> <span class='ocrx_word' id='word_1_252' title='bbox 551 3579 757 3668; x_wconf 11' lang='lat' dir='ltr'><strong>*fondamento</strong></span> <span class='ocrx_word' id='word_1_253' title='bbox 778 3579 873 3654; x_wconf 66' lang='lat' dir='ltr'><strong>biom·</strong></span> <span class='ocrx_word' id='word_1_254' title='bbox 909 3598 965 3661; x_wconf 90' lang='lat' dir='ltr'><strong>per</strong></span> <span class='ocrx_word' id='word_1_255' title='bbox 994 3578 1159 3663; x_wconf 59' lang='lat' dir='ltr'><strong>figuram„</strong></span> <span class='ocrx_word' id='word_1_256' title='bbox 1174 3581 1282 3660; x_wconf 89' lang='lat' dir='ltr'><strong>inquit,</strong></span> 
     </span>
     <span class='ocr_line' id='line_1_32' title="bbox 138 3685 1282 3772; baseline -0.001 -22"><span class='ocrx_word' id='word_1_257' title='bbox 138 3688 315 3772; x_wconf 79' lang='lat' dir='ltr'><strong>figmentum</strong></span> <span class='ocrx_word' id='word_1_258' title='bbox 338 3688 469 3752; x_wconf 89' lang='lat' dir='ltr'><strong>bominis</strong></span> <span class='ocrx_word' id='word_1_259' title='bbox 493 3687 574 3751; x_wconf 92' lang='lat' dir='ltr'><strong>dicit.</strong></span> <span class='ocrx_word' id='word_1_260' title='bbox 619 3685 755 3750; x_wconf 88' lang='lat' dir='ltr'><strong>insertus</strong></span> <span class='ocrx_word' id='word_1_261' title='bbox 772 3692 872 3749; x_wconf 90' lang='lat' dir='ltr'><strong>autem</strong></span> <span class='ocrx_word' id='word_1_262' title='bbox 890 3685 1014 3750; x_wconf 90' lang='lat' dir='ltr'><strong>adamas</strong></span> <span class='ocrx_word' id='word_1_263' title='bbox 1028 3685 1189 3749; x_wconf 85' lang='lat' dir='ltr'><strong>cohibetur</strong></span> <span class='ocrx_word' id='word_1_264' title='bbox 1201 3685 1282 3750; x_wconf 91' lang='lat' dir='ltr'><strong>den—</strong></span> 
     </span>
    </p>
   </div>
   <div class='ocr_carea' id='block_1_4' title="bbox 135 3889 1390 4329">
    <p class='ocr_par' dir='ltr' id='par_1_8' title="bbox 135 3889 1390 4329">
     <span class='ocr_line' id='line_1_33' title="bbox 137 3889 1284 3964; baseline 0.001 -18"><span class='ocrx_word' id='word_1_265' title='bbox 137 3889 241 3962; x_wconf 76' lang='lat' dir='ltr'><strong>rpqu</strong></span> <span class='ocrx_word' id='word_1_266' title='bbox 355 3894 401 3947; x_wconf 85' lang='grc'><strong>76.</strong></span> <span class='ocrx_word' id='word_1_267' title='bbox 426 3895 469 3948; x_wconf 82' lang='grc'><strong>77.</strong></span> <span class='ocrx_word' id='word_1_268' title='bbox 501 3890 605 3964; x_wconf 86' lang='lat' dir='ltr'><strong>prcs.</strong></span> <span class='ocrx_word' id='word_1_269' title='bbox 625 3893 655 3956; x_wconf 83' lang='lat'><strong>5,</strong></span> <span class='ocrx_word' id='word_1_270' title='bbox 677 3892 711 3946; x_wconf 80' lang='lat'><strong>14</strong></span> <span class='ocrx_word' id='word_1_271' title='bbox 722 3892 824 3964; x_wconf 76' lang='grc' dir='ltr'><strong><em>Ἔγειρε</em></strong></span> <span class='ocrx_word' id='word_1_272' title='bbox 843 3891 981 3963; x_wconf 80' lang='grc' dir='ltr'><strong><em>(Ἕγιιραι</em></strong></span> <span class='ocrx_word' id='word_1_273' title='bbox 997 3892 1025 3960; x_wconf 82' lang='grc' dir='ltr'><strong>ς)</strong></span> <span class='ocrx_word' id='word_1_274' title='bbox 1045 3890 1060 3944; x_wconf 83' lang='lat' dir='ltr'><strong>ri</strong></span> <span class='ocrx_word' id='word_1_275' title='bbox 1077 3892 1220 3946; x_wconf 72' lang='grc' dir='ltr'><strong>καθεύδων</strong></span> <span class='ocrx_word' id='word_1_276' title='bbox 1236 3895 1284 3947; x_wconf 78' lang='lat' dir='ltr'><strong>orei</strong></span> 
     </span>
     <span class='ocr_line' id='line_1_34' title="bbox 136 3983 1280 4058; baseline 0.002 -20"><span class='ocrx_word' id='word_1_277' title='bbox 136 3985 238 4040; x_wconf 73' lang='grc' dir='ltr'><strong><em>ἀνάστα</em></strong></span> <span class='ocrx_word' id='word_1_278' title='bbox 256 3988 284 4039; x_wconf 70' lang='grc' dir='ltr'><strong>ἐκ</strong></span> <span class='ocrx_word' id='word_1_279' title='bbox 301 3986 351 4040; x_wconf 76' lang='grc' dir='ltr'><strong>τῶν</strong></span> <span class='ocrx_word' id='word_1_280' title='bbox 374 3986 490 4058; x_wconf 74' lang='grc' dir='ltr'><strong>νεκρῶν,</strong></span> <span class='ocrx_word' id='word_1_281' title='bbox 514 3985 560 4038; x_wconf 77' lang='grc' dir='ltr'><strong>καὶ</strong></span> <span class='ocrx_word' id='word_1_282' title='bbox 585 3983 727 4054; x_wconf 68' lang='grc' dir='ltr'><strong><em>ἐπιφαύσει</em></strong></span> <span class='ocrx_word' id='word_1_283' title='bbox 751 4000 793 4036; x_wconf 87' lang='grc' dir='ltr'><strong>σοι</strong></span> <span class='ocrx_word' id='word_1_284' title='bbox 819 3983 833 4036; x_wconf 80' lang='grc' dir='ltr'><strong>ὅ</strong></span> <span class='ocrx_word' id='word_1_285' title='bbox 854 3983 969 4052; x_wconf 81' lang='grc' dir='ltr'><strong><em>Χριστός</em></strong></span> <span class='ocrx_word' id='word_1_286' title='bbox 1083 3985 1127 4040; x_wconf 87' lang='grc'><strong>79.</strong></span> <span class='ocrx_word' id='word_1_287' title='bbox 1153 3985 1234 4057; x_wconf 76' lang='grc' dir='ltr'><strong><em>λόγος</em></strong></span> <span class='ocrx_word' id='word_1_288' title='bbox 1259 3983 1280 4040; x_wconf 86' lang='lat' dir='ltr'>C</span> 
     </span>
     <span class='ocr_line' id='line_1_35' title="bbox 136 4070 1390 4148; baseline -0.004 -15"><span class='ocrx_word' id='word_1_289' title='bbox 136 4078 182 4133; x_wconf 86' lang='grc'><strong>80.</strong></span> <span class='ocrx_word' id='word_1_290' title='bbox 210 4076 239 4131; x_wconf 76' lang='lat' dir='ltr'><strong>da</strong></span> <span class='ocrx_word' id='word_1_291' title='bbox 256 4078 295 4148; x_wconf 81' lang='grc' dir='ltr'><strong><em>ιιι]</em></strong></span> <span class='ocrx_word' id='word_1_292' title='bbox 324 4074 366 4132; x_wconf 83' lang='lat' dir='ltr'><strong>Gi.</strong></span> <span class='ocrx_word' id='word_1_293' title='bbox 387 4076 459 4132; x_wconf 85' lang='lat' dir='ltr'><strong>Piut.</strong></span> <span class='ocrx_word' id='word_1_294' title='bbox 480 4075 513 4129; x_wconf 91' lang='lat' dir='ltr'><strong>de</strong></span> <span class='ocrx_word' id='word_1_295' title='bbox 533 4073 597 4127; x_wconf 85' lang='lat' dir='ltr'><strong>isid.</strong></span> <span class='ocrx_word' id='word_1_296' title='bbox 623 4084 651 4128; x_wconf 88' lang='lat' dir='ltr'><strong>et</strong></span> <span class='ocrx_word' id='word_1_297' title='bbox 669 4072 719 4129; x_wconf 85' lang='lat' dir='ltr'><strong>Os.</strong></span> <span class='ocrx_word' id='word_1_298' title='bbox 739 4091 762 4127; x_wconf 91' lang='lat' dir='ltr'><strong>c.</strong></span> <span class='ocrx_word' id='word_1_299' title='bbox 781 4075 817 4127; x_wconf 81' lang='lat'><strong>34</strong></span> <span class='ocrx_word' id='word_1_300' title='bbox 835 4091 862 4144; x_wconf 86' lang='lat' dir='ltr'><strong>p.</strong></span> <span class='ocrx_word' id='word_1_301' title='bbox 881 4074 936 4127; x_wconf 75' lang='lat'><strong>364</strong></span> <span class='ocrx_word' id='word_1_302' title='bbox 1057 4075 1102 4128; x_wconf 79' lang='lat'><strong>82.</strong></span> <span class='ocrx_word' id='word_1_303' title='bbox 1132 4073 1210 4128; x_wconf 84' lang='lat' dir='ltr'><strong>Rom.</strong></span> <span class='ocrx_word' id='word_1_304' title='bbox 1240 4077 1280 4138; x_wconf 87' lang='lat'><strong>1⁰,</strong></span> <span class='ocrx_word' id='word_1_305' title='bbox 1388 4070 1390 4075; x_wconf 69' lang='grc'>’</span> 
     </span>
     <span class='ocr_line' id='line_1_36' title="bbox 138 4149 1281 4238; baseline -0.002 -18"><span class='ocrx_word' id='word_1_306' title='bbox 138 4166 173 4222; x_wconf 86' lang='grc'><strong>18</strong></span> <span class='ocrx_word' id='word_1_307' title='bbox 277 4149 332 4221; x_wconf 70' lang='grc'><strong>83.</strong></span> <span class='ocrx_word' id='word_1_308' title='bbox 352 4167 413 4238; x_wconf 76' lang='grc' dir='ltr'><strong>ἄγει</strong></span> <span class='ocrx_word' id='word_1_309' title='bbox 430 4185 475 4222; x_wconf 85' lang='lat' dir='ltr'><strong>om</strong></span> <span class='ocrx_word' id='word_1_310' title='bbox 495 4164 516 4222; x_wconf 90' lang='lat' dir='ltr'><strong>C</strong></span> <span class='ocrx_word' id='word_1_311' title='bbox 534 4164 564 4220; x_wconf 81' lang='grc' dir='ltr'><strong>Μ</strong></span> <span class='ocrx_word' id='word_1_312' title='bbox 586 4162 642 4220; x_wconf 78' lang='lat' dir='ltr'><strong>Cir.</strong></span> <span class='ocrx_word' id='word_1_313' title='bbox 662 4163 745 4219; x_wconf 85' lang='lat' dir='ltr'><strong>Hom.</strong></span> <span class='ocrx_word' id='word_1_314' title='bbox 766 4163 819 4218; x_wconf 86' lang='lat' dir='ltr'><strong>Od.</strong></span> <span class='ocrx_word' id='word_1_315' title='bbox 838 4166 882 4229; x_wconf 77' lang='lat'><strong>24,</strong></span> <span class='ocrx_word' id='word_1_316' title='bbox 902 4165 918 4219; x_wconf 88' lang='lat'>5</span> <span class='ocrx_word' id='word_1_317' title='bbox 937 4165 966 4238; x_wconf 72' lang='grc' dir='ltr'><strong>τῇ</strong></span> <span class='ocrx_word' id='word_1_318' title='bbox 984 4163 1008 4238; x_wconf 83' lang='grc' dir='ltr'><strong>ῥ’</strong></span> <span class='ocrx_word' id='word_1_319' title='bbox 1028 4165 1078 4236; x_wconf 76' lang='grc' dir='ltr'><strong>ἄγε</strong></span> <span class='ocrx_word' id='word_1_320' title='bbox 1096 4166 1212 4232; x_wconf 71' lang='grc' dir='ltr'><strong>κινήσας,</strong></span> <span class='ocrx_word' id='word_1_321' title='bbox 1239 4166 1281 4218; x_wconf 78' lang='lat' dir='ltr'><strong>roi</strong></span> 
     </span>
     <span class='ocr_line' id='line_1_37' title="bbox 135 4251 1281 4329; baseline -0.004 -16"><span class='ocrx_word' id='word_1_322' title='bbox 135 4259 435 4328; x_wconf 60' lang='lat' dir='ltr'><strong>dioecesaneam.</strong></span> <span class='ocrx_word' id='word_1_323' title='bbox 551 4255 598 4311; x_wconf 91' lang='grc'><strong>86.</strong></span> <span class='ocrx_word' id='word_1_324' title='bbox 618 4253 702 4309; x_wconf 83' lang='lat' dir='ltr'><strong>Hom.</strong></span> <span class='ocrx_word' id='word_1_325' title='bbox 723 4254 776 4309; x_wconf 79' lang='lat' dir='ltr'><strong>od.</strong></span> <span class='ocrx_word' id='word_1_326' title='bbox 795 4257 838 4320; x_wconf 78' lang='grc'><strong>24,</strong></span> <span class='ocrx_word' id='word_1_327' title='bbox 859 4258 875 4310; x_wconf 90' lang='grc'><strong>6</strong></span> <span class='ocrx_word' id='word_1_328' title='bbox 894 4273 952 4329; x_wconf 85' lang='lat' dir='ltr'><strong>sqq.</strong></span> <span class='ocrx_word' id='word_1_329' title='bbox 1068 4257 1113 4311; x_wconf 86' lang='grc'><strong>87.</strong></span> <span class='ocrx_word' id='word_1_330' title='bbox 1132 4251 1281 4325; x_wconf 75' lang='grc' dir='ltr'><strong><em>ιριζουσιῦ</em></strong></span> 
     </span>
    </p>
   </div>
   <div class='ocr_carea' id='block_1_5' title="bbox 6 4327 1278 4414">
    <p class='ocr_par' dir='ltr' id='par_1_9' title="bbox 6 4327 1278 4414">
     <span class='ocr_line' id='line_1_38' title="bbox 6 4327 1278 4414; baseline -0.005 -8"><span class='ocrx_word' id='word_1_331' title='bbox 6 4327 15 4340; x_wconf 56' lang='grc'><strong>’</strong></span> <span class='ocrx_word' id='word_1_332' title='bbox 135 4351 256 4406; x_wconf 73' lang='lat' dir='ltr'><strong>darsiani</strong></span> <span class='ocrx_word' id='word_1_333' title='bbox 273 4347 350 4411; x_wconf 74' lang='lat' dir='ltr'><strong>1er</strong></span> <span class='ocrx_word' id='word_1_334' title='bbox 464 4349 509 4404; x_wconf 86' lang='grc'><strong>88.</strong></span> <span class='ocrx_word' id='word_1_335' title='bbox 530 4344 719 4414; x_wconf 75' lang='grc' dir='ltr'><strong><em>ἆλλὴλσισινῦ</em></strong></span> <span class='ocrx_word' id='word_1_336' title='bbox 834 4344 1278 4410; x_wconf 75' lang='lat' dir='ltr'><strong>ec.cr.tes.ue,1cer1²ratm.</strong></span> 
     </span>
    </p>
   </div>
   <div class='ocr_carea' id='block_1_6' title="bbox 136 4435 992 4600">
    <p class='ocr_par' dir='ltr' id='par_1_10' title="bbox 136 4435 992 4600">
     <span class='ocr_line' id='line_1_39' title="bbox 136 4435 678 4508; baseline -0.007 -10"><span class='ocrx_word' id='word_1_337' title='bbox 136 4443 196 4508; x_wconf 81' lang='grc'><strong>118,</strong></span> <span class='ocrx_word' id='word_1_338' title='bbox 214 4439 261 4494; x_wconf 74' lang='lat'><strong>22.</strong></span> <span class='ocrx_word' id='word_1_339' title='bbox 377 4443 422 4497; x_wconf 81' lang='lat'><strong>9³.</strong></span> <span class='ocrx_word' id='word_1_340' title='bbox 442 4436 485 4494; x_wconf 81' lang='lat' dir='ltr'><strong>Cf.</strong></span> <span class='ocrx_word' id='word_1_341' title='bbox 503 4435 562 4494; x_wconf 76' lang='lat' dir='ltr'><strong>der.</strong></span> <span class='ocrx_word' id='word_1_342' title='bbox 581 4439 625 4505; x_wconf 80' lang='lat'><strong>28,</strong></span> <span class='ocrx_word' id='word_1_343' title='bbox 646 4441 678 4494; x_wconf 84' lang='grc'><strong>16</strong></span> 
     </span>
     <span class='ocr_line' id='line_1_40' title="bbox 926 4533 992 4600; baseline -0.03 0"><span class='ocrx_word' id='word_1_344' title='bbox 926 4533 992 4600; x_wconf 75' lang='lat'><strong>10*</strong></span> 
     </span>
    </p>
   </div>
   <div class='ocr_carea' id='block_1_7' title="bbox 0 0 1508 4976">
    <p class='ocr_par' dir='ltr' id='par_1_11' title="bbox 0 0 1508 4976">
     <span class='ocr_line' id='line_1_41' title="bbox 0 0 1508 4976; baseline 0 3"><span class='ocrx_word' id='word_1_345' title='bbox 0 0 1508 4976; x_wconf 95' lang='lat' dir='ltr'><strong> </strong></span> 
     </span>
    </p>
   </div>
  </div>
 </body>
</html>
