3052 4984
590 363 747 422 arathus,
1178 359 1238 426 lll

97 543 157 608 que
181 527 210 588 ei
232 525 395 608 placebant
418 536 526 593 contra
550 531 766 598 fabricatorem
787 531 923 595 universi
947 531 1130 597 diffamabat.
1154 531 1243 596 Gon·

97 633 235 698 similiter
259 642 358 697 autem
382 636 472 698 ctiam
495 637 667 724 Lucienus,
690 639 781 702 huius
805 637 983 719 discipulus.

192 737 245 802 33.
296 739 421 821 Apelles
459 751 561 806 autem
593 745 631 808 ab
660 743 707 806 his
738 749 823 808 ortus
854 743 896 807 ait
926 744 957 806 in
991 743 1072 807 hunc
1103 745 1285 810 mudumztt

99 845 176 910 Esse
206 846 297 910 deum
328 847 481 928 quendam
512 851 643 934 bonum,
677 849 766 913 sicuti
796 850 886 913 etiam
913 848 1051 914 Marcion
1082 871 1245 935 suppone·

100 951 170 1037 bat,
191 971 260 1017 eum
284 959 402 1040 autem,
430 955 482 1036 qui
512 958 656 1021 universa
690 958 843 1020 creaverit
870 973 940 1020 esse
963 957 1091 1040 iustum,
1121 961 1173 1039 qui
1196 959 1246 1022 ia·

102 1061 235 1124 bricatus
267 1061 305 1122 sit
334 1078 386 1135 eu,
415 1078 496 1141 quae
525 1061 606 1126 lacta
637 1070 724 1146 sunt,
755 1069 787 1125 et
816 1064 938 1127 tertium
971 1079 1058 1146 esse,
1091 1066 1143 1146 qui
1177 1083 1245 1128 cum

100 1168 188 1232 Mose
210 1166 331 1230 locutus
353 1168 407 1248 sit,
439 1167 520 1232 hunc
543 1176 645 1231 autem
668 1187 740 1234 esse
762 1169 905 1254 igneum,
937 1186 1008 1233 esse
1032 1178 1132 1234 autem
1157 1171 1245 1234 etiam

101 1275 192 1340 alium
215 1282 371 1358 quartum,
394 1273 542 1339 malorum
565 1282 737 1356 auctorem3
767 1276 825 1342 hos
855 1284 956 1340 autem
988 1275 1117 1358 angelos
1143 1278 1269 1340 nomi-1

101 1390 163 1447 nat.
209 1383 324 1467 Legem
357 1391 459 1447 autem
494 1391 524 1447 et
556 1382 722 1466 prophetas
744 1383 930 1470 proscindit,
960 1401 1028 1447 curu
1058 1383 1189 1448 humana
1218 1391 1249 1446 et

102 1490 264 1554 mendacia
288 1489 370 1553 dicat
393 1509 463 1556 esse
492 1509 573 1572 quae
602 1491 715 1574 scripta
744 1498 834 1575 suut,
870 1509 910 1554 ex
945 1491 1115 1575 evangeliis
1146 1499 1246 1556 autern

103 1598 153 1661 vel
175 1597 317 1680 apostolo
342 1616 422 1678 quae
452 1600 508 1682 ipsi
536 1599 658 1682 placent
691 1599 747 1662 sibi
778 1599 871 1680 eligit.
921 1596 1118 1662 Philumenae
1147 1605 1248 1662 autem

79 1702 261 1767 ¹cuiusdam
294 1703 489 1768 sermonibus
519 1721 590 1768 sese
618 1704 750 1786 applicat
779 1709 921 1783 tunquam
950 1699 1164 1784 prophetissae
1192 1721 1271 1771 re-u

102 1809 314 1874 velationibus.
367 1806 518 1873 Christum
541 1817 642 1874 autem
665 1829 682 1873 a
706 1828 840 1892 superna
862 1814 1016 1891 potestate
1038 1807 1250 1891 descendisse,

103 1916 164 1982 hoc
185 1923 232 1982 est
253 1936 271 1981 a
294 1917 395 2002 bono,
429 1915 569 1999 illiusque
592 1920 689 1999 ipsum
721 1935 792 1980 esse
821 1916 928 2000 lilium,
960 1915 1042 1978 hunc
1063 1923 1163 1981 autem
1187 1934 1250 1978 non

105 2043 145 2088 ex
168 2025 287 2109 virgine
311 2042 382 2088 esse
406 2032 525 2110 natum,
555 2043 657 2106 neque
687 2042 781 2088 carne
804 2023 942 2088 comissa
970 2041 1039 2087 eum
1069 2023 1121 2106 qui
1151 2043 1250 2107 appe-

104 2135 201 2198 ruerit
237 2133 292 2217 ait,
322 2131 378 2196 sed
410 2150 450 2196 ex
473 2133 640 2198 substantia
662 2131 799 2196 universi
822 2150 889 2194 cum
913 2137 1015 2213 partes
1037 2133 1154 2212 ceperit
1175 2150 1250 2196 cor-

105 2259 162 2325 pus
184 2242 241 2305 sibi
265 2241 452 2322 coniecisse,
475 2239 536 2306 hoc
559 2249 606 2305 est
628 2239 717 2306 calidi
741 2245 772 2302 et
794 2239 898 2324 frigidi
921 2246 952 2302 et
975 2236 1089 2301 humidi
1113 2245 1143 2302 et
1165 2238 1290 2320 sicci,to

106 2348 190 2412 etin
212 2346 273 2412 hoc
296 2365 429 2429 corpore
453 2347 599 2412 latentem
628 2345 798 2411 mundanas
827 2352 997 2429 potestates
1026 2345 1142 2409 vixisse
1168 2353 1250 2409 tem-

107 2473 176 2537 pus,
199 2452 282 2536 quod
316 2453 429 2518 vixerit
461 2455 492 2516 in
525 2452 658 2534 muudo;
692 2470 798 2517 rursus
828 2460 929 2516 autem
953 2470 971 2514 a
993 2449 1113 2515 ludaeis
1146 2451 1251 2515 eruci-

105 2562 197 2624 fixum
221 2579 290 2624 eum
313 2567 464 2624 mortuum
490 2577 578 2643 esse,
607 2566 639 2622 et
668 2566 737 2642 post
765 2565 829 2623 tres
859 2558 925 2622 dies
955 2561 1169 2624 resuscitatum
1192 2578 1252 2642 ap·

105 2667 246 2750 paruisse
269 2667 438 2750 discipulis,
469 2673 501 2731 et
529 2673 696 2731 monstrata
726 2667 823 2750 ligura
847 2666 1003 2730 clavorum
1026 2675 1057 2730 et
1077 2665 1181 2731 lateris
1205 2667 1252 2730 sui

106 2777 298 2861 persuasisse
321 2776 358 2839 iis
380 2781 479 2838 semet
500 2775 597 2858 ipsum
620 2790 692 2836 esse
716 2783 747 2837 et
769 2791 831 2837 oon
855 2771 1053 2857 phantasma,
1085 2772 1141 2837 sed
1177 2785 1290 2839 ear-tt

107 2903 176 2948 nem
199 2902 269 2948 sese
287 2882 414 2946 habere.
461 2881 605 2966 Carnem,
629 2881 744 2967 inquit,
774 2887 936 2964 postquam
967 2885 1147 2946 monstravit
1174 2881 1251 2946 red-

107 2992 183 3055 didit
218 2999 337 3072 terrae,
371 3008 429 3072 qua
466 3007 506 3052 ex
537 2988 706 3052 substantia
733 2995 813 3072 erut,
847 2989 921 3053 nihil
951 2989 1043 3054 alieni
1076 2999 1253 3078 aucupatus,

107 3101 162 3164 sed
186 3098 225 3162 ad
248 3104 367 3180 tempus
397 3115 469 3162 usus
499 3095 627 3178 singulis
661 3113 717 3160 sua
745 3095 892 3182 reddidit,
926 3096 1079 3161 vinculum
1112 3099 1253 3180 corporis

107 3208 248 3290 solvens,
281 3204 380 3270 calido
415 3203 563 3286 calidum,
595 3203 708 3288 frigido
741 3202 903 3289 frigidum,
937 3204 1059 3269 humido
1089 3203 1253 3290 humidum,

2 3343 8 3352 ·
107 3317 191 3380 sicco
215 3315 349 3391 siccum,
378 3313 471 3376 etita
494 3309 568 3374 abiit
590 3309 628 3374 ad
652 3310 767 3374 hunum
789 3318 907 3392 patrem
930 3310 1038 3376 relicto
1062 3314 1180 3376 semine
1203 3314 1290 3378 vi-to

107 3432 158 3489 tue
184 3423 215 3486 in
240 3421 353 3486 mundo
377 3439 433 3504 per
455 3417 621 3502 discipulos
644 3417 852 3482 credentibus.

193 3529 246 3594 39.
286 3529 430 3592 Videmur
448 3526 538 3590 nubis
557 3534 586 3588 et
599 3526 678 3588 haec
691 3525 764 3589 satis
780 3526 977 3608 exposuisse;
992 3525 1135 3605 quoniam
1153 3529 1253 3588 autem

108 3635 181 3700 nihil
203 3635 393 3700 irrelutetunr
416 3633 663 3716 praetermittere
686 3631 881 3696 decrevimus
905 3651 1022 3716 eorum,
1044 3651 1124 3716 quae
1148 3635 1255 3714 aqui·

107 3745 286 3825 buscunque
299 3741 390 3807 docta
407 3747 486 3821 sunt,
500 3741 656 3804 videamus
672 3740 743 3822 quid
762 3741 852 3803 etiam
867 3739 1019 3802 aDocetis
1035 3740 1192 3804 inventum
1204 3741 1252 3803 sit.

108 3931 150 3988 Cl.
169 3930 239 3986 iol'ru
258 3931 277 3984 Ι.
291 3927 333 3995 X,
352 3947 376 3983 c.
391 3930 434 3982 20.
455 3945 483 4000 p.
496 3927 557 3986 327.
577 3923 683 3984 ed.01.
794 3929 837 3984 14.
855 3928 899 3984 τὸν
911 3929 1038 4000 φανέντα]
1056 3930 1173 4000 φανέντα
1192 3925 1252 3984 CM

110 4027 151 4082 17.
171 4021 299 4098 λαθόντα]
312 4021 426 4092 bapino
445 4018 476 4076 Μ
589 4021 705 4076 20-22.
725 4017 766 4076 Cf.
786 4017 836 4076 Er.
857 4019 897 4074 Ιο.
916 4023 961 4088 2⁰,
979 4021 1014 4078 25
1034 4019 1139 4078 ellade.
1151 4022 1195 4086 24,
1207 4021 1253 4076 ³9.

106 4119 151 4174 2³.
179 4114 327 4190 ἀλλότριον]
352 4113 461 4188 diopros
484 4109 506 4168 C
675 4113 720 4169 31.
740 4110 802 4191 mir]
821 4111 903 4181 τῆςῦ

523 4308 826 4322 m
