3050 4988
219 306 283 374 292
328 309 365 392 (p.
382 318 448 372 reu.
469 311 548 398 soe.)
653 317 748 376 trouu
771 317 816 390 vt,
840 319 889 375 ετ.
914 319 965 375 us.

218 479 382 562 μιονργοῦ.
429 479 539 564 Ψυχή
562 477 604 542 δί
626 477 745 566 δέρος
766 479 979 561 δξοχείται,
1003 479 1157 542 τουτέστιν
1176 475 1367 564 δεδημιουρ-

218 581 274 659 γδς
295 587 351 648 rori
372 584 551 668 πνεύματος
571 585 633 663 ἔξω
656 585 874 672 πίηρώματος.
914 584 1004 670 Ἀήρ
1021 581 1043 646 δ
1049 587 1065 648 ἰ
1083 583 1261 668 αἰθέρος
1280 582 1365 661 ἰξο-

219 699 366 767 χείται,
389 695 543 756 τουτέστιν
563 691 583 777 ή
605 692 667 770 ἔξω
692 697 815 778 σοφία
837 695 890 779 τῆς
915 692 1003 767 ἐντός
1035 689 1130 778 όρον
1160 695 1215 754 καὶ
1245 693 1366 766 παντὸς

182 794 436 882 νοπληρώματσς.
476 798 535 863 Ἐκ
568 799 612 864 δὲ
644 803 774 883 βυθοῦ
795 805 939 887 καρποί
961 801 1168 885 φέρονται,
1199 797 1219 884 ἢ
1252 797 1288 862 ἰκ
1309 803 1365 863 τοῦ

218 905 365 990 πατρός
387 910 478 970 πᾶσα
504 906 647 994 προβολή
669 912 732 972 τών
754 908 884 972 αἰώνων
911 909 1073 992 γενομένη.
1133 905 1184 970 Τά
1213 909 1274 990 μὲν
1306 904 1365 971 οὖν

218 1014 261 1098 τῷ
291 1011 492 1100 Οδαλενώνῳ
525 1014 683 1080 δοκοῦντα
713 1012 832 1091 ἱκανῶς
860 1015 1004 1079 λέλεκται
1027 1059 1117 1078 ......
1140 1012 1254 1100 σχολῆς
1282 1036 1365 1099 προ·

218 1119 362 1206 κόψασιν
375 1121 522 1199 ἐξειπετν,
538 1122 640 1187 ἄλλον
655 1121 762 1199 άλλως
778 1124 1025 1206 δογμαώσαντος
1038 1127 1077 1186 τό
1089 1121 1230 1199 δόξαντα
1245 1118 1364 1197 αὐτοῖς.

304 1229 355 1291 38.
399 1228 580 1305 Σεκοῦνδος
609 1233 670 1314 μέν
691 1254 737 1306 τις
758 1232 839 1295 κατά
860 1231 894 1294 τδ
917 1228 995 1294 αδτδ
1018 1229 1088 1313 άμσ
1109 1233 1153 1316 τῷ
1173 1228 1363 1316 Πτολεμαίῳ

180 1333 384 1416 9ογενόμενος
405 1337 505 1412 οὕτως
525 1337 627 1416 λέγει·
650 1336 786 1424 τετράδα
811 1339 895 1402 εἰναι
917 1337 1028 1415 δεξιάν
1050 1340 1105 1400 καί
1126 1335 1263 1422 τετράδα
1288 1335 1362 1420 α’ρι-

215 1443 337 1528 στεράν,
359 1449 414 1507 καί
435 1449 506 1529 φώς
527 1450 581 1508 καί
603 1445 726 1521 σκότος·
750 1451 804 1509 καί
824 1446 880 1532 τήν
902 1445 1091 1510 ἀποστᾶσαν
1112 1443 1149 1508 δὲ
1164 1449 1219 1508 καὶ
1234 1441 1363 1531 ὑστερή-

215 1567 320 1614 σασαν
341 1549 482 1633 δύναμιν
499 1550 556 1616 οδκ
572 1550 639 1616 α’πδ
654 1556 718 1616 τών
733 1553 901 1638 τριάκοντα
922 1553 1051 1616 αἰώνων
1062 1551 1145 1631 λέγει
1159 1554 1361 1636 γεγενῆσθαι,

214 1654 300 1720 α’λλά
323 1655 390 1721 α’πδ
411 1663 475 1722 τῶν
495 1663 629 1744 καρπῶν
651 1657 767 1724 alonis.
816 1658 931 1735 Ἀλλος
957 1659 994 1723 δέ
1019 1682 1065 1734 τις
1086 1658 1279 1744 Ἐπιφάνης,
1310 1657 1362 1722 δι-

215 1762 377 1840 δάσκαλος
408 1764 515 1831 αδτών
547 1765 647 1842 οὕτως
672 1766 770 1848 λέγει·
800 1764 861 1832 Ἦν
882 1765 901 1853 ή
923 1766 1032 1853 πρώτη
1058 1763 1139 1852 α’ρχή
1162 1764 1360 1851 ἀνεννόητος,

193 1871 350 1956 ίάρρήτός
369 1897 401 1936 τε
427 1877 481 1935 καί
513 1871 748 1957 α’νονόμαστος,
770 1875 811 1961 ἢν
826 1873 1021 1958 μονότητα
1042 1872 1149 1938 καλεῖ·
1168 1873 1263 1961 ταότη
1292 1870 1354 1958 [dil

214 1979 444 2066 σοννπάρχ]ειν
465 1980 615 2066 δύναμιν,
638 1983 677 2068 ἢν
699 1981 847 2066 ὀνομάζει
869 1979 1082 2067 ἑνό[τητα].
1122 1980 1212 2065 Αδτη
1233 1977 1253 2065 ή
1276 1975 1360 2042 ἑνό-

213 2107 283 2169 της
304 2084 325 2171 ή
346 2109 377 2149 τε
397 2089 562 2173 μονότης
582 2087 763 2174 προήκαντο
796 2089 839 2172 μή
861 2090 1036 2172 προέμεναι
1064 2085 1167 2174 α’ρχήν
1192 2085 1247 2150 tut
1274 2085 1360 2150 πόν-

213 2212 276 2254 των
295 2192 407 2278 νοητήν
422 2191 594 2279 α’γέννητόν
606 2217 637 2258 τε
651 2199 705 2258 καί
724 2194 873 2281 δάρατον,
894 2195 934 2280 ἢν
951 2193 1108 2279 μονάδα
1126 2193 1226 2258 καλεῖ.
1251 2191 1359 2282 Ταότη

198 2301 250 2388 στῇ
273 2297 409 2383 δυνάμει
431 2301 626 2387 σοννπόρχει
648 2301 786 2387 δύναμις
808 2301 977 2386 δμοοάσιος
998 2299 1093 2394 αὐτῇ,
1124 2302 1164 2388 ἢν
1185 2306 1240 2365 καί
1261 2297 1359 2385 αδτήν

297 2483 376 2547 lreo.
395 2487 714 2568 ερ.Ερ1ρ1ιειι.Ησει·.
733 2486 853 2551 XXXll.
874 2491 899 2550 1.
923 2483 1101 2558 Σεκοῦνδος
1118 2527 1191 2546 .....
1214 2479 1297 2560 λέγει
1312 2481 1358 2544 εἰ-

211 2607 266 2650 ναι
287 2589 343 2673 τήν
364 2590 491 2676 πρώτην
512 2587 658 2670 δγδοάδα
675 2590 810 2678 τετράδα
828 2590 939 2668 δεξιάν
956 2594 1011 2653 καί
1028 2587 1162 2674 τετράδα
1178 2585 1357 2674 ἀριστεράν,

211 2691 309 2768 οὕτως
331 2693 534 2780 παραδιδοὺς
554 2693 743 2773 salemum,
774 2695 829 2781 τήν
842 2699 902 2777 μὲν
915 2697 994 2777 μίαν
1012 2697 1096 2779 φώς,
1119 2691 1175 2777 τήν
1196 2689 1232 2753 δὲ
1254 2688 1357 2775 ἄλλην

210 2798 333 2876 σκότος,
356 2799 412 2886 τήν
433 2799 469 2862 δὲ
489 2797 678 2865 δπσστάσάν
698 2824 729 2864 τε
752 2803 806 2862 καί
819 2797 1035 2884 ὑστερήσασαι·
1051 2795 1190 2880 δύναμιν
1210 2793 1253 2880 μή
1273 2793 1357 2857 εἰναι

210 2900 278 2966 α’πδ
288 2903 525 2990 τώντριάκσντα
532 2905 671 2983 αἰώνων,
684 2904 770 2970 α’λλά
781 2905 859 2989 μετὰ
875 2903 948 2978 τοδς
958 2901 1125 2989 τριάκοντα
1137 2901 1261 2975 αἰῶνας
1270 2898 1355 2964 κ.τ.λ.

297 3011 326 3090 ξ.
341 3013 370 3073 5.
419 3009 504 3072 Φασὶ
527 3009 562 3073 δὲ
584 3015 638 3074 καί
660 3005 756 3088 οὗτοι,
781 3008 824 3085 ώς
845 3009 899 3074 ἐπὶ
921 3007 955 3072 τδ
977 3005 1176 3094 ὑψηλότερον
1197 3008 1252 3069 καί
1271 3025 1354 3084 γνω-

210 3108 394 3195 στικώτερσν
415 3111 664 3196 δπεκτεινόμενοι
685 3113 741 3199 τήν
762 3113 889 3198 πρώτην
910 3111 1046 3195 τετράδα
1068 3108 1181 3186 οὕτως·
1206 3109 1288 3172 Ἐστι
1310 3133 1355 3182 τις

209 3214 273 3300 πρδ
295 3215 426 3280 πάντων
447 3218 592 3303 προαρχή
613 3217 882 3303 προανεννόητσς,
906 3215 1040 3302 ἄρρητός
1060 3237 1092 3278 τε
1113 3219 1167 3278 καί
1188 3211 1353 3296 δνονόμα-

209 3337 295 3396 στος,
317 3321 357 3406 ἢν
377 3321 439 3399 ἐγώ
461 3321 659 3406 μονότητα
689 3319 837 3406 άριδμώ·
873 3321 970 3410 ταότη
997 3324 1034 3410 τῇ
1061 3319 1250 3405 μονότητι
1277 3335 1354 3382 συν-

207 3423 344 3508 νπάρχει
376 3423 528 3507 δύναμις,
560 3425 600 3509 ἢν
630 3429 685 3488 καί
707 3423 806 3511 αδτήν
828 3423 976 3508 ὀνομάζω
1006 3421 1180 3508 ἑνότητα.
1224 3421 1353 3508 Λότηή

207 3526 277 3591 ὲνό
284 3529 375 3615 τηςή
388 3553 419 3594 τε
428 3527 530 3612 μονό
537 3552 597 3614 της
610 3531 644 3593 τό
658 3527 799 3594 ivosium
813 3530 994 3614 προήκαντο
1008 3528 1052 3614 μή
1066 3530 1240 3612 προέμεναι
1251 3526 1352 3613 δρχήν

206 3630 261 3694 ἰπὶ
277 3634 408 3697 πάντων
430 3633 543 3718 νοητήν
565 3631 739 3718 α’γόννητόν
754 3657 785 3696 τε
803 3637 857 3696 καὶ
874 3631 1030 3715 ἀόρατον,
1052 3632 1092 3718 ἢν
1107 3629 1240 3718 άρχήνό
1258 3630 1352 3710 λόγος

204 3735 371 3818 μονάδα
392 3736 492 3801 καλεῖ.
518 3737 625 3828 Ταώτη
640 3741 677 3829 τη”
695 3736 844 3821 μονάδι
865 3735 1059 3822 συνυπάρχει
1075 3734 1211 3819 δύναμις
1231 3734 1348 3818 όμοσό-

207 3871 290 3881 -,-
1222 3869 1349 3878 ...--

263 3930 308 3984 88.
329 3931 448 4002 αἰθέρος]
460 3933 558 3999 αἰδρης
577 3925 636 3983 CM
707 3931 752 3986 88.
763 3931 808 3984 89.
828 3931 965 4002 ἰξτχεῐτσι]
984 3931 1096 4000 ἰξόχεται
1111 3923 1132 3981 C
1145 3923 1175 3980 Μ
1247 3927 1351 3998 89.τής]

204 4019 251 4072 τοῦ
269 4016 336 4074 CM
467 4017 543 4090 ὅρου]
558 4017 682 4092 napoli}
816 4021 858 4074 91.
881 4017 1024 4074 Excidiase
1057 4019 1165 4074 ridetur
1190 4019 1350 4082 membrum,

205 4111 278 4182 quod
298 4111 455 4182 pertinebat
472 4111 507 4166 ad
527 4113 738 4183 explicationem
761 4114 907 4170 verborum
926 4113 1084 4168 ultimorum
1099 4112 1196 4184 psalmi
1305 4114 1349 4168 92.

205 4200 273 4257 Post
288 4205 402 4258 λέλεκται
420 4203 545 4257 lacunam
565 4205 731 4275 signavimus
846 4208 890 4260 92.
910 4206 953 4260 93.
978 4204 1160 4280 προκόψσσικ]
1179 4203 1351 4277 προκόψασιν

204 4292 273 4350 CM
382 4297 425 4350 94.
456 4293 605 4368 Sequentia
630 4294 799 4370 Hippolytus
824 4298 963 4354 transtulit
986 4315 1020 4352 ex
1045 4296 1161 4352 lrenaeo
1190 4319 1212 4352 e.
1237 4301 1309 4353 λεια.
1329 4297 1350 4364 l,

206 4387 248 4451 11,
265 4389 292 4440 2.
317 4406 345 4459 p.
365 4389 409 4443 53.
430 4405 488 4461 sqq.
513 4392 552 4442 ed.
577 4392 711 4452 δίσωιιει..
741 4390 818 4444 ouius
847 4391 906 4462 ipsa
930 4391 1012 4446 rerba
1038 4407 1071 4443 ex
1095 4387 1244 4461 Epiphanii
1270 4393 1350 4446 lloar.

204 4477 324 4544 xxxii,
335 4482 356 4533 1.
366 4497 424 4553 sqq.
443 4481 603 4554 depromptu
613 4483 822 4555 sessionemque
833 4483 933 4537 veteris
947 4481 1106 4556 interpretis
1119 4481 1171 4534 snlr
1187 4491 1261 4536 textu
1274 4479 1352 4553 Hip-
