3002 4958
207 209 245 272 lv
673 213 872 272 ruossano

209 385 395 465 memoriae,
418 389 517 447 morte
539 383 720 466 amisissem,
741 385 818 464 iam,
843 402 882 448 na
905 402 956 448 res
980 369 1198 466 haeresceret,
1212 384 1348 464 priorem

210 509 299 574 buius
320 510 390 574 libri
413 510 589 574 fasciculum
617 509 701 574 foras
729 512 928 575 emittendum
961 512 1084 594 curavi,
1114 520 1146 574 et
1175 509 1245 574 dum
1279 511 1347 592 ipse

208 656 265 720 pro
288 639 367 702 virili
389 647 476 721 parte
497 658 563 702 rem
587 657 774 722 promovere
798 635 972 722 studebam,
1005 639 1207 704 Christianum
1237 639 1347 703 Peter*

209 769 346 853 senium,
368 768 579 832 notessoram
602 767 880 852 Hamburgensem,
903 766 1024 832 affinem
1047 785 1149 832 meum
1181 765 1347 830 dilectissi-

209 913 307 981 mum,
339 896 483 978 precibus
514 897 613 980 adivi,
646 905 680 961 ot
710 898 741 959 in
769 913 866 978 opere
889 895 1080 978 perficiendo
1104 897 1240 978 benigno
1276 895 1348 958 mibi

209 1023 338 1088 consilio
369 1041 427 1088 suo
460 1032 553 1106 atque
581 1024 694 1089 auxilio
730 1023 841 1088 adesse
871 1024 971 1088 vellet.
1033 1024 1091 1100 Qui
1121 1043 1189 1088 cum
1221 1041 1348 1108 summa,

209 1170 269 1233 qua
292 1159 341 1215 est
361 1151 548 1216 humanitate
572 1159 602 1215 et
624 1170 700 1238 erga
723 1171 772 1216 me
795 1153 1030 1238 benevolentia,
1053 1154 1167 1235 petenti
1190 1152 1262 1216 mibi
1286 1170 1349 1216 nou

210 1280 351 1366 deesset,
384 1280 545 1362 sperabam
568 1279 655 1366 lore,
687 1287 719 1343 ut
741 1280 828 1345 brevi
850 1290 989 1363 tempore
1013 1281 1109 1345 altera
1133 1298 1255 1364 quoque
1277 1280 1349 1344 libri

210 1427 281 1492 pars
304 1428 322 1474 e
345 1410 432 1493 prelo
456 1410 604 1494 prodiret.
650 1410 711 1478 Sed
733 1419 854 1496 praeter
877 1413 1138 1494 exspectationem
1161 1411 1348 1474 reserauit.

209 1539 360 1604 Diuturno
385 1542 463 1604 enirn
489 1540 597 1605 morbo
620 1541 782 1624 impeditus
794 1592 803 1626 ,
833 1542 995 1624 quominus
1018 1539 1119 1605 adbuc
1141 1537 1231 1602 fidem
1252 1555 1349 1621 prae-

209 1669 341 1744 starem,
379 1683 461 1728 nunc
491 1665 611 1729 demum
649 1683 727 1748 opus
761 1675 833 1749 post
868 1667 971 1730 varios
1011 1684 1101 1730 casus
1136 1666 1260 1729 tandem
1290 1665 1350 1728 ab·

209 1792 339 1856 solutum
369 1795 400 1856 in
433 1792 585 1874 poblicum
618 1797 739 1878 emitto,
772 1793 855 1876 quod
883 1801 917 1858 ut
938 1813 1038 1877 aeque
1069 1802 1100 1860 et
1129 1794 1265 1878 benigne
1289 1811 1349 1856 ex·-

210 1920 323 2002 cipiant
354 1921 497 1984 benevoli
536 1920 672 1985 lectores
708 1920 910 1986 vehementer
946 1924 1047 2004 cupio.
1101 1923 1218 1986 lacera
1248 1931 1350 1986 autern

210 2065 273 2110 non
296 2065 439 2130 possum,
463 2049 536 2130 quin
560 2049 663 2114 oblata
686 2049 758 2113 mibi
781 2053 949 2115 occasione
971 2057 1039 2113 utar
1063 2058 1094 2114 et
1115 2051 1272 2134 omnibus,
1298 2052 1350 2133 qui

209 2194 260 2238 me
283 2177 313 2239 in
337 2175 397 2240 boc
420 2175 498 2240 libro
522 2175 646 2241 edendo
671 2147 702 2240 et
725 2177 856 2242 consilio
880 2185 911 2242 et
933 2198 967 2242 re
992 2178 1202 2242 lubentissime
1225 2187 1257 2242 et
1279 2178 1350 2242 dili-

211 2305 393 2388 gantissime
416 2303 614 2386 adiuverunt,
638 2305 711 2369 viris
742 2305 841 2370 doctis
869 2323 1065 2388 summopere
1088 2304 1228 2371 colendis
1251 2307 1351 2369 maxi-

210 2452 275 2497 mas
298 2434 395 2514 palam
420 2435 535 2517 gratias
558 2450 660 2517 agam,
683 2433 820 2514 inprimis
843 2431 1015 2498 Christiano
1039 2433 1228 2518 Petersenio‚
1251 2434 1349 2498 amico

212 2563 390 2647 carissimo,
426 2568 457 2624 et
495 2563 671 2625 llermanno
713 2561 862 2646 Sauppio,
905 2560 1047 2645 collegae
1091 2562 1353 2647 coniunctissimo,

213 2709 341 2774 quorum
366 2689 417 2754 ille
440 2699 626 2774 postremam
651 2691 717 2754 libri
746 2697 862 2773 partem
893 2693 1121 2756 accuratissime
1153 2711 1272 2756 mecum
1298 2710 1353 2755 re-

213 2821 333 2885 censuit
357 2829 448 2902 atquc
470 2821 629 2902 castigavit
651 2837 752 2901 nequa
770 2827 802 2882 ut
814 2819 918 2884 socius
936 2821 1039 2902 operis
1061 2838 1194 2904 unquam
1209 2819 1279 2884 mibi
1293 2819 1352 2883 de-

213 2946 285 3030 luit,
308 2952 439 3026 uterque
463 2953 563 3008 autem
588 2945 723 3026 singulas
746 2945 885 3028 plagulas
907 2947 986 3029 typis
1003 2947 1173 3028 exscriptas
1191 2945 1355 3030 diligenter

213 3073 428 3157 perlustrando
458 3074 549 3136 multa
581 3080 680 3136 errata
711 3081 935 3156 correxerunt,
977 3072 1224 3158 elegantissimas
1248 3080 1352 3138 textus

215 3200 449 3266 emendationes
477 3207 705 3283 proposuerunt
736 3208 767 3263 et
795 3200 973 3283 praeclaras
1006 3209 1096 3265 notas
1127 3202 1164 3266 ed
1197 3203 1354 3284 scriptoris

215 3334 395 3397 sententiam
420 3329 632 3413 explicandam
655 3331 843 3396 adiecerunt.

302 3463 418 3538 Quibus
441 3461 577 3525 breviter
608 3461 647 3524 de
678 3460 789 3544 modo,
823 3478 884 3542 quo
916 3460 967 3524 bic
996 3461 1077 3524 liber
1108 3461 1269 3526 conlectus
1298 3468 1354 3538 est,

216 3591 407 3679 praemissis,
431 3612 493 3657 non
517 3592 668 3674 estquod
699 3593 790 3655 mulla
819 3591 859 3656 de
889 3592 1019 3656 consilio
1044 3609 1146 3656 novae
1170 3591 1259 3656 buius
1283 3591 1355 3656 edi-

215 3727 306 3789 tionis
321 3723 439 3789 addam.
484 3723 531 3788 be
552 3725 762 3808 inscriptione,
776 3740 866 3806 quam
879 3721 956 3785 libro
970 3721 1176 3804 praefiximus,
1194 3729 1356 3804 postquam

217 3857 287 3924 olim
309 3859 340 3920 in
363 3855 482 3919 Nuntiis
504 3855 659 3918 litterariis
683 3854 936 3938 Gottingensibus
959 3855 1084 3917 strictim
1107 3852 1185 3935 dixi,
1212 3854 1271 3916 iam
1295 3851 1355 3914 alio

217 3987 288 4052 loco
311 3987 401 4050 latius
425 3995 456 4050 et
477 3987 604 4049 uberius
635 3985 808 4066 disputabo.
858 3983 891 4046 ln
925 3985 1026 4048 verbis
1053 3983 1212 4066 scriptoris
1243 4001 1356 4048 recen·

217 4116 322 4184 sendis
344 4116 381 4180 ab
405 4115 542 4179 editione
569 4117 707 4197 principe
738 4113 907 4178 Oxoniensi
935 4111 1000 4177 Em.
1030 4111 1156 4195 blilleri,
1189 4112 1276 4174 cuius
1298 4130 1358 4193 pa-

219 4249 308 4332 ginas
339 4245 461 4326 saepius
492 4263 508 4307 a
539 4243 629 4306 nobis
661 4245 692 4305 in
727 4241 926 4305 annotatione
962 4241 1101 4304 laudatas
1130 4243 1161 4304 in
1197 4241 1358 4322 superiore

220 4373 356 4456 margine
386 4369 593 4456 signavimus,
625 4379 769 4450 tanquam
800 4386 817 4430 a
847 4365 1044 4431 fundamento
1076 4366 1225 4451 profesti,
1257 4383 1358 4448 quae-
