2920 4982
494 318 674 377 ventuius
697 319 879 379 noctulrlt.
1191 317 1256 388 539

114 487 323 554 consimilibus
346 487 493 554 doctrinis
515 487 787 573 transformantes,
817 507 897 570 quae
921 488 1036 556 abillis
1060 496 1153 558 antea
1176 492 1256 558 diota

113 603 200 684 sunt,
220 596 367 660 haereses
390 597 572 696 deridiculos
595 597 809 662 coniecerunt.

200 703 252 770 33.
296 704 352 768 llio
372 705 467 788 igitur
489 704 575 770 solus
598 711 628 768 et
649 722 744 786 super
767 703 868 775 omnin
892 702 969 767 deus
997 693 1104 790 logum
1130 707 1257 788 primum

113 813 280 896 cogitando
312 813 448 899 egignit,
486 831 548 878 non
581 813 684 894 logum
713 810 808 877 veluti
838 829 964 896 vocem,
994 812 1050 878 sed
1078 815 1296 880 interioremto

112 923 251 986 universi
273 921 549 986 ratiocinationem.
605 920 694 985 Hunc
716 919 815 985 solum
841 938 880 984 ex
903 919 1023 985 entibus
1046 923 1171 1005 genuit3
1202 942 1258 990 ens

111 1033 193 1094 enirn
216 1031 283 1113 ipse
312 1038 402 1113 pater
435 1035 516 1109 erat,
549 1045 588 1090 ex
617 1044 679 1109 quo
710 1027 740 1089 id
763 1027 845 1109 quod
870 1027 1007 1109 genitum
1031 1034 1088 1095 est.
1142 1017 1258 1097 Caussa

111 1157 220 1204 eorum
243 1157 323 1221 quae
347 1141 481 1202 existunt
501 1134 593 1218 lngus
617 1140 700 1218 erat,
723 1134 755 1197 in
777 1141 877 1198 semet
899 1134 968 1215 ipso
991 1145 1118 1220 gestans
1144 1140 1258 1203 volun-

108 1254 203 1312 latem
226 1247 376 1330 genitoris
389 1293 398 1328 ,
428 1241 507 1308 haud
530 1245 657 1329 ignarus
680 1251 827 1324 pateruae
852 1243 1057 1326 cogitationis.
1112 1245 1188 1310 Nam
1211 1247 1256 1310 si-

109 1355 173 1420 mul
196 1363 289 1437 atque
313 1375 352 1418 ex
375 1356 519 1440 genitore
542 1354 708 1438 processit,
742 1351 948 1435 primogenita
979 1351 1046 1416 eius
1076 1353 1156 1419 lacta
1187 1371 1296 1440 vox‚tu

108 1461 204 1526 babet
226 1463 255 1525 in
279 1467 380 1524 semet
401 1463 468 1544 ipso
491 1461 578 1526 ideas
606 1461 635 1524 in
659 1469 746 1546 patre
776 1463 1024 1546 praecogitatas,
1047 1481 1143 1543 quare
1171 1467 1257 1544 patre

109 1572 234 1634 iubente
262 1568 330 1634 deri
361 1569 504 1634 mundum
538 1569 660 1654 singula
690 1569 782 1652 lngus
818 1565 1000 1649 perficiebat
1030 1570 1154 1653 placens
1186 1571 1256 1636 deo.

107 1677 208 1746 Elea
231 1676 371 1762 quidem,
402 1695 483 1759 quae
518 1678 674 1740 nativitate
707 1675 961 1760 multiplicantur,
991 1677 1127 1743 mascula
1152 1685 1184 1742 et
1205 1677 1221 1742 i
1239 1713 1257 1728 -

108 1790 211 1850 minor
235 1785 454 1862 fabricabatur;
477 1803 682 1868 quaeeunque
705 1795 807 1850 autem
831 1784 945 1850 auxilio
968 1794 1041 1851 sunt
1063 1795 1093 1850 et
1116 1787 1257 1851 ministe-

106 1893 171 1978 rio,
195 1892 244 1956 vel
267 1892 400 1957 mascula
423 1891 625 1956 femineorum
650 1892 730 1958 baud
753 1894 924 1976 indigentia
937 1944 945 1979 ‚
974 1893 1024 1958 rel
1047 1912 1148 1977 neque
1171 1912 1294 1965 mas-au

108 2001 178 2066 cula
201 2019 302 2084 neque
325 2001 468 2064 leminea.
523 1999 642 2065 Etenim
665 2003 781 2083 primae
804 2001 913 2066 horum
937 2002 1147 2084 substantiae,
1177 2019 1257 2087 quae

110 2128 150 2174 ex
172 2091 381 2173 non-entiuds
413 2108 515 2170 laetae
544 2117 631 2194 sunl,
660 2109 742 2192 ignis
774 2115 806 2172 et
833 2111 974 2194 spiritus,
1004 2126 1082 2191 aqua
1112 2118 1142 2174 et
1164 2119 1257 2194 terra,

107 2236 209 2300 neque
232 2218 365 2282 muscula
389 2234 491 2298 neque
512 2215 644 2280 feminea
669 2223 756 2302 sunt,
780 2235 882 2300 neque
905 2237 946 2282 ex
968 2217 1028 2282 ulla
1051 2237 1157 2283 earum
1181 2237 1258 2298 pro·

108 2325 224 2390 cedere
248 2331 377 2412 possunt
399 2323 534 2386 mascula
558 2331 588 2386 et
612 2325 763 2412 leminea,
796 2329 855 2391 nisi
887 2330 912 2391 si
940 2325 1012 2390 velit
1035 2327 1144 2390 iubens
1169 2327 1256 2413 deus,

108 2443 141 2500 ut
169 2434 259 2517 logos
292 2431 449 2497 inserviat.
505 2431 551 2494 Ex
584 2432 657 2515 igno
693 2453 764 2500 esse
795 2435 924 2520 angelos
956 2433 1119 2520 profiteor,
1151 2453 1294 2517 nequeas

106 2541 154 2606 bis
177 2541 290 2606 adesse
321 2541 470 2604 lemineas
501 2538 582 2604 dico.
636 2539 739 2605 Solem
774 2549 876 2608 aulem
908 2544 1072 2624 lunamque
1097 2547 1129 2604 el
1150 2541 1254 2605 stellas

107 2649 308 2715 consimiliter
330 2666 370 2711 ex
392 2650 465 2730 igne
486 2654 516 2709 ot
541 2649 648 2730 spiritu
673 2658 704 2714 et
726 2669 828 2734 nequa
857 2650 1008 2716 masculas
1037 2667 1138 2732 neque
1161 2647 1256 2713 ferni-

106 2775 184 2823 neas
216 2775 286 2821 csse
319 2755 481 2822 arbitratus
514 2772 602 2834 suru3
636 2774 676 2818 ex
710 2776 789 2841 aqua
813 2766 914 2822 autern
947 2756 1085 2822 animalia
1120 2758 1254 2822 natantia

106 2883 178 2930 esse
199 2863 271 2928 volo
295 2873 326 2927 et
347 2871 499 2946 pennata,
523 2863 658 2927 mascula
682 2872 712 2928 et
734 2865 884 2945 leminea3
907 2868 951 2930 sic
974 2865 1054 2928 enim
1071 2865 1158 2927 iussit
1178 2863 1256 2927 deus

106 2974 159 3056 qui
183 2970 280 3036 voluit
301 2971 465 3054 genitalem
499 2989 570 3036 esse
604 2971 756 3038 humidam
785 2974 994 3040 substantiam.
1051 2971 1293 3046 Consimilitertn

110 3099 152 3143 ex
185 3086 268 3144 terra
306 3078 425 3161 reptilia
460 3087 490 3142 et
513 3079 629 3144 bestias
663 3083 861 3164 omniumque
893 3100 1042 3165 generum
1082 3079 1255 3142 animalium
1319 3131 1323 3138 .

106 3185 242 3250 mascula
266 3192 296 3248 et
318 3185 467 3248 leminea:
500 3187 547 3250 sio
580 3189 662 3252 enim
690 3189 870 3253 admittebat
899 3207 1001 3252 rerum
1025 3187 1172 3250 laetarum
1196 3204 1257 3248 na·

107 3300 184 3356 tura.
231 3291 441 3374 Quaecunque
465 3297 546 3358 enim
578 3296 687 3382 voluit,
717 3294 851 3358 iaciebat
881 3293 967 3361 deus.
1019 3293 1105 3357 Haec
1126 3311 1182 3375 per
1204 3292 1258 3356 lo-

106 3419 180 3484 gum
212 3399 437 3486 fabricabatur,
474 3421 554 3484 quae
583 3403 671 3467 aliter
700 3401 766 3466 lieri
800 3421 863 3467 non
895 3410 1025 3485 possunt
1054 3410 1144 3483 alque
1175 3399 1255 3466 iacta

107 3514 188 3572 sunt.
234 3506 366 3582 Quando
387 3515 487 3572 autern
511 3510 602 3574 siculi
624 3510 721 3574 voluit
742 3512 833 3573 etiam
856 3509 929 3573 iecit
951 3527 987 3572 ea
1000 3560 1009 3593 ‚
1045 3509 1171 3572 nomina
1194 3527 1293 3582 vo-rs

109 3616 210 3680 cando
231 3615 423 3700 significavit.
469 3619 569 3700 Super
602 3616 680 3682 baec
716 3619 930 3681 universorum
959 3617 1126 3699 principem
1156 3616 1256 3680 labri-

109 3741 184 3786 oans
213 3741 255 3786 ex
283 3721 421 3787 omnibus
454 3726 635 3805 compositis
664 3724 842 3789 substantiis
874 3723 1031 3802 coniecit3
1069 3741 1132 3788 non
1164 3722 1254 3787 deum

106 3895 213 3963 ἱκάσσης
229 3894 326 3950 τούτων
343 3895 464 3964 discret]
490 3895 620 3968 darippssr
645 3895 738 3965 indura
754 3897 852 3951 τούτων
869 3897 962 3951 dieras
980 3891 1017 3950 Cr
1044 3893 1171 3967 indoles·
1195 3892 1256 3948 4κᾶ-

107 4003 166 4057 σσης
183 3987 279 4042 τούτων
297 3987 422 4054 δύναται,
450 3999 497 4044 cul
520 3988 687 4063 ὖπάρχοσσνν
715 3989 771 4044 οὔτε
797 3990 903 4057 ἑκάστης
925 3989 1023 4044 τούτων
1046 3987 1158 4042 δύναται
1182 3986 1255 4040 coni.

107 4079 152 4138 Me
171 4081 300 4154 ὑπάρχει·
320 4081 376 4136 οὔτ’
396 4082 423 4143 ἐξ
441 4081 548 4149 ἑκάστης
565 4081 662 4136 τούτων
679 4081 792 4136 δύναται
807 4081 962 4138 Runsenius
1070 4080 1115 4133 41.
1134 4076 1256 4154 ὕπονργῇ

110 4190 181 4228 corr.
202 4170 238 4228 Cr
258 4174 389 4246 ὑπουργεῖ
405 4169 481 4244 prC
596 4174 641 4228 44.
669 4175 752 4245 ditor]
770 4177 859 4229 θέλων
878 4173 900 4230 C
917 4172 960 4229 Me
987 4175 1055 4247 λέγω
1078 4189 1154 4244 susp.
1174 4169 1255 4228 Iioe-

108 4283 203 4340 perus.
240 4263 329 4320 Sicuti
355 4283 405 4320 nos
431 4266 512 4322 etiam
538 4263 696 4322 Bunsenius
722 4270 843 4323 correxit
956 4269 1000 4322 50.
1021 4264 1075 4320 “ors
1092 4261 1133 4341 δὲ]
1149 4263 1205 4320 ‘'orr
1225 4265 1255 4322 di

109 4355 165 4428 r'pC
280 4360 323 4414 51.
356 4360 490 4432 ἐσήμηνεν.
522 4358 583 4416 lunt
601 4389 634 4400 -
654 4360 783 4434 ἄρχοντα]
808 4361 935 4434 ἐσήμηνεν
958 4357 1003 4414 tat
1025 4387 1061 4400 -
1087 4357 1204 4431 ἄρχοντα
1223 4355 1255 4412 ὃν

110 4449 267 4507 Bussenius
382 4455 427 4507 51.
446 4453 492 4508 52.
514 4453 689 4528 δημιουργῶν
712 4452 858 4526 Roeperus
884 4451 1043 4509 Bonaeains
1067 4447 1100 4505 R.
1125 4447 1253 4506 Scottusa

109 4543 275 4619 δημιουργὸν
293 4541 315 4598 C
333 4543 362 4600 Μ
