3056 4970
612 313 778 391 sunnone.
1209 321 1269 390 191

124 499 200 561 nino
225 502 256 559 et
277 498 371 580 perit,
395 496 474 559 sicut
500 497 591 559 etiam
614 494 749 578 sibyllae
770 495 881 579 piacet.
916 493 980 560 Seii
997 499 1109 575 eutem,
1131 495 1183 576 uit,
1203 504 1314 572 nosne

123 603 178 685 qui
201 604 418 666 necessitatem
441 602 603 685 geniturae
628 604 877 684 perspexerimus
906 606 937 663 ct
966 599 1047 684 vias,
1080 599 1191 680 quibus
1221 600 1274 677 in-

124 713 220 775 travit
241 709 334 774 homo
358 713 389 773 in
412 708 566 793 mondum,
589 715 734 774 accurate
757 704 1089 790 commostraremus,
1112 722 1274 788 permeare

127 825 157 880 ot
183 814 356 898 peruadere
378 816 532 880 interitum
554 833 719 899 possumus
742 813 811 878 soii.
853 814 909 878 Est
930 821 1031 876 autem
1050 815 1200 892 interitus,
1224 813 1274 894 ait,

130 941 223 1007 aqua,
247 940 350 1004 noque
374 922 433 988 aiio
455 941 608 1005 quaquam
631 941 666 986 re
691 923 782 985 citius
804 921 894 1004 periit
917 919 1048 984 mondus
1071 937 1162 1000 quam
1186 935 1275 999 aqua.

128 1031 221 1112 Aqua
243 1038 344 1094 autem
367 1036 415 1094 est
437 1028 469 1093 id
491 1030 573 1111 quod
599 1029 809 1094 circumvolvit
830 1031 861 1093 in
883 1027 1045 1110 proastiis,
1070 1028 1169 1109 aiunt,
1193 1023 1314 1088 cro-ss

126 1153 208 1214 nus;
237 1145 376 1219 potestas
399 1138 489 1220 enirn,
514 1137 625 1221 inquit,
649 1139 790 1220 aquatico
813 1135 920 1200 colore
944 1141 992 1200 est
1013 1132 1079 1218 iile,
1103 1149 1193 1214 quem
1213 1149 1275 1212 po-

129 1249 282 1326 tortorem,
305 1245 411 1326 inquit,
433 1241 495 1306 hoc
518 1250 566 1306 est
586 1242 722 1308 Cronum
745 1261 837 1308 nemo
861 1261 978 1327 eorum,
1004 1239 1055 1321 qui
1078 1239 1110 1302 in
1131 1238 1274 1322 genituro

127 1350 284 1434 nituntur,
308 1348 447 1432 effugere
465 1355 575 1431 potest.
629 1349 717 1412 Omni
741 1352 823 1416 euim
844 1351 1020 1434 geniturae,
1044 1353 1078 1410 ut
1099 1346 1279 1410 succumbet

129 1454 278 1535 interitui,
301 1456 333 1520 iu
356 1473 447 1519 eausa
471 1455 592 1520 cronos
614 1462 671 1540 est,
695 1473 753 1518 nee
774 1455 842 1518 fieri
864 1461 975 1537 potest,
997 1461 1031 1520 ut
1051 1454 1193 1537 genitura
1216 1469 1277 1514 ex-

130 1565 239 1647 sistet,
277 1563 308 1624 in
336 1579 396 1644 quo
425 1561 546 1626 tironus
569 1579 632 1627 non
655 1561 835 1626 intercedat.
879 1561 947 1624 Hoc
970 1568 1033 1646 est,
1056 1563 1170 1644 iuquit,
1194 1557 1317 1640 quoditt

132 1668 227 1732 ctiam
250 1675 364 1750 potitae
386 1667 490 1734 dieunt
511 1669 595 1760 iliud,
618 1669 701 1752 quod
725 1669 774 1734 vei
794 1669 883 1751 'ipsos
899 1669 975 1732 deos
995 1675 1116 1732 terrore
1130 1667 1279 1750 percutit:

178 1803 262 1868 Scito
287 1804 378 1888 enim,
401 1804 515 1888 inquit,
541 1803 602 1868 hoc
624 1805 714 1906 teilps
736 1811 768 1867 ει
790 1802 908 1867 caetum
930 1808 1050 1867 vastum
1072 1819 1205 1884 superne

178 1910 216 1974 iit
239 1908 396 1983 destillans
419 1911 521 1994 Stygis
545 1927 635 1995 equa,
658 1909 741 1992 quod
765 1910 887 1991 quidem
910 1909 1074 1990 maximnm

178 2016 391 2082 iusiurandum
416 2023 447 2081 et
469 2019 680 2099 gravissimum
705 2024 753 2080 est
776 2017 873 2081 beatis
897 2015 964 2079 diis.

134 2151 205 2214 Non
228 2151 327 2215 solum
351 2158 460 2235 autem,
483 2151 590 2233 inquit,
613 2151 674 2214 hoc
696 2156 809 2234 pcdtee
832 2149 944 2233 dicunt,
967 2152 1021 2214 sed
1042 2150 1106 2214 iani
1125 2151 1319 2213 etiamen-es

137 2258 317 2340 pientissimi
339 2257 549 2342 Graecorum„
569 2275 700 2340 qnorum
723 2267 770 2322 est
796 2262 885 2323 etiam
909 2259 1079 2322 Heraclitus
1101 2273 1196 2352 nnus,
1230 2254 1280 2317 di-

134 2381 231 2427 cens:
267 2363 538 2445 Animodosenim
555 2385 656 2443 mors,
686 2385 798 2450 aquom
828 2368 907 2448 ficri.
951 2365 1035 2431 Haec
1057 2381 1151 2447 mors,
1172 2362 1280 2445 inquit,

13 2535 14 2554 p
137 2469 342 2553 deprehendit
371 2472 543 2555 Aegyptios
571 2473 602 2534 in
632 2467 707 2536 mori
738 2473 833 2537 rubro
864 2491 931 2536 cum
964 2473 1103 2534 curribus
1134 2469 1279 2552 ipsorum.

137 2578 254 2642 Omnes
278 2585 395 2660 autem,
426 2579 478 2659 qui
501 2577 572 2642 iliud
596 2580 761 2665 ignorent,
794 2581 912 2664 inquit,
945 2579 1088 2661 Aegyptii
1119 2584 1199 2640 sunt.
1243 2577 1282 2639 Ει

135 2683 207 2768 hoc,
231 2685 323 2767 aiunt,
347 2691 394 2746 est
417 2683 532 2747 exiisse
554 2704 594 2748 ex
618 2685 773 2770 Aegypto,
795 2704 814 2749 ε
836 2703 977 2768 corpore.
1006 2684 1180 2768 Aegyptum
1199 2683 1319 2751 cnimro

138 2807 209 2854 esse
231 2809 355 2877 parvam
379 2807 491 2872 corpus
515 2791 713 2874 arbitrantur,
745 2800 775 2856 et
797 2793 929 2857 transire
950 2780 1035 2855 mo're
1056 2789 1198 2874 rubrum,
1220 2787 1282 2852 hoe

138 2897 348 2984 est'intcritus
370 2913 494 2978 aquam,
520 2914 599 2977 quoe
622 2907 669 2962 est
687 2879 829 2982 tironus,
863 2906 895 2962 et
921 2893 1095 2962 transiisse
1110 2914 1195 2959 more
1223 2913 1282 2957 ru-

138 3001 245 3082 brum,
268 3001 329 3066 hoc
343 3007 401 3092 ¹est
422 3003 609 3092 geniturum,
641 3011 671 3067 et
695 3007 875 3088 peruenisse
897 3004 929 3068 in
953 3005 1121 3085 desertum,
1152 3002 1212 3066 hoc
1235 3008 1284 3064 est

137 3119 226 3174 extra
258 3111 430 3191 genituram
458 3111 656 3196 peruenisse,
689 3110 741 3174 ubi
762 3117 834 3176 sunt
855 3129 916 3174 uno
940 3129 1047 3176 omnes
1071 3109 1111 3174 dii
1133 3108 1283 3191 perniciei

140 3223 171 3280 et
194 3216 271 3279 deus
294 3215 409 3280 salutis.
455 3217 532 3279 Sunt
555 3214 666 3300 autem,
689 3219 795 3300 inquit,
820 3217 860 3281 dii
884 3200 1031 3300 perniciei
1053 3217 1169 3300 stellae,
1192 3233 1322 3288 com-m

140 3322 292 3387 mutabitis
315 3323 477 3405 geniturae
499 3311 667 3389 afferentes
688 3324 739 3409 iis,
774 3342 854 3407 quoe
869 3321 1024 3406 'existunt‚
1056 3325 1283 3386 necessitatem.

138 3430 212 3515 iios,
235 3429 341 3512 inquit,
363 3429 467 3492 Moses
488 3431 613 3493 vocavit
633 3409 795 3513 serpentes
819 3429 934 3495 deserti
957 3430 1133 3493 mordentes
1157 3436 1189 3490 et
1207 3445 1284 3510 per·
1327 3413 1332 3420 ’

140 3537 250 3600 dentes
273 3555 345 3620 eos,
376 3537 427 3617 qui
450 3554 484 3600 se
507 3555 592 3600 mare
613 3537 738 3600 rubrum
761 3545 974 3620 transgressos
997 3554 1068 3606 esse
1091 3535 1283 3600 arbitrantur.

140 3707 223 3762 dubie
248 3719 343 3773 terreo,
368 3706 422 3761 nisi
447 3704 593 3775 legendum
615 3708 749 3779 ἔκφεβοῦν
773 3705 802 3762 Μ
917 3709 943 3762 2.
969 3723 1027 3779 sqq.
1065 3702 1151 3759 Hom.
1178 3701 1232 3758 Od.
1258 3706 1284 3770 d,

144 3799 196 3856 184
219 3817 277 3872 sqq.
301 3802 363 3854 teror
386 3799 436 3852 νῦν
459 3798 517 3852 adds
535 3816 559 3851 κ.
578 3801 640 3852 nt.
716 3831 727 3854 ε
760 3801 787 3854 3.
811 3793 1027 3870 καπρόμενονΕ
1141 3797 1169 3852 4.
1195 3797 1285 3870 μακά·
1406 3819 1409 3828 ¹

143 3909 200 3963 geor
217 3887 239 3944 C
355 3891 381 3946 6.
392 3889 419 3943 7.
435 3887 606 3961 Ἡράκλειτος
621 3923 656 3934 -
667 3887 761 3963 ὕδωρ
780 3893 948 3962 γενέσθαι
963 3885 989 3942 J.
1000 3885 1167 3960 Bemuysius
1186 3890 1214 3944 in
1233 3893 1284 3962 Ep.

138 3987 225 4054 critic.
243 3984 280 4038 od
296 3983 453 4036 Rementem
468 3980 486 4034 Ι.
499 3981 517 4035 Ι.
529 3999 556 4054 p.
569 3981 630 4048 331,
651 3980 750 4037 collato
760 3979 921 4036 Heraclitec
938 3980 1091 4052 fragmento
1104 3981 1140 4036 49
1158 3985 1286 4038 Sciteier-

140 4077 245 4130 mter
265 4091 293 4146 p.
316 4072 380 4127 iii:
406 4073 506 4146 ψυχῇσε
523 4071 641 4135 θάνατος
658 4071 733 4146 r‘idorp
751 4077 886 4147 periodos,
905 4071 980 4128 ridear
998 4073 1026 4127 dd
1044 4072 1162 4134 θάνατος
1178 4073 1229 4145 γῆν
1241 4092 1286 4145 γε·

140 4168 249 4222 rr'oiias·
274 4164 303 4220 dtr
320 4165 369 4238 γῆς
386 4163 416 4218 dt
433 4163 508 4234 ὕδωρ
525 4167 633 4236 γίνεται,
651 4167 679 4227 ἐξ
697 4162 792 4227 ὕδατος
810 4165 839 4221 dd
857 4165 947 4238 ψνχὴε
969 4163 1147 4236 Ἡράκλειτος,
1165 4167 1225 4228 εις,
1245 4166 1286 4217 λε’-

140 4277 216 4333 yma·
242 4259 357 4332 ψυχῆς
373 4257 478 4330 aiydp
497 4289 533 4302 -
551 4258 722 4330 γενέσθαι
740 4255 761 4312 G
779 4256 823 4324 Μ,
848 4258 895 4331 qui
914 4275 965 4329 pro
984 4259 1008 4312 ai
1023 4257 1076 4328 γὰρ
1096 4271 1171 4326 susp.
1194 4257 1234 4321 etp
1252 4255 1287 4308 riv

144 4353 187 4407 to.
205 4351 273 4416 tm,
302 4350 418 4422 meum]
437 4345 626 4421 tnrttyoomC
743 4351 785 4406 te.
811 4367 871 4424 sqq.
918 4347 977 4404 cfr.
1002 4344 1110 4402 thies.
1129 4339 1174 4411 23¹,
1194 4349 1210 4402 o
1228 4363 1287 4418 sqq.

139 4445 187 4500 21·
205 4444 392 4516 Δεινομένους
409 4473 446 4486 -
463 4439 522 4502 ruric
539 4434 655 4502 uiodrC

797 4612 812 4650 d
