3002 4958
577 233 803 336 narranaam.
1217 273 1258 338 75

113 442 159 506 uti
179 459 237 506 sex
260 441 372 506 millum
409 439 522 506 lundus
558 449 606 506 ost
632 444 773 507 senarius
808 460 966 526 numerus,
995 449 1112 524 septem
1146 443 1258 505 milium

112 547 323 632 septenarius,
346 555 419 612 octo
441 549 554 612 millum
578 549 728 613 monades
753 557 842 634 ooto,
866 557 898 612 et
926 549 956 612 in
986 549 1113 632 reliquis
1136 550 1259 631 pariter,

34 663 39 676 ’
115 655 226 720 eadem
260 658 381 720 ratione
416 663 448 718 et
476 657 507 718 in
535 655 805 739 hecatontadibus,
834 664 908 736 quot
941 656 1002 719 sint
1031 655 1300 736 hecatontades,ro

116 770 163 826 tot
186 763 334 826 monades
359 769 406 825 est
435 761 691 848 serumserum,
723 763 818 830 veluti
845 764 1111 846 septingentorum
1142 770 1260 845 septem

116 877 189 934 suut
213 869 447 953 hecatontades,
471 869 582 934 landus
599 888 704 934 aarum
727 875 845 952 septem
863 870 1021 954 monades,
1043 879 1261 934 sexcentorum

118 997 178 1042 sex
202 977 441 1060 lreeatontades,
462 975 574 1041 landus
597 995 703 1040 aarum
725 995 782 1040 sea
805 976 964 1042 monades.
1015 977 1098 1042 ldem
1127 977 1209 1040 valet
1232 984 1262 1038 et

120 1087 151 1148 in
175 1083 360 1166 lemurum,
393 1085 511 1147 numeri
541 1085 734 1167 octogenarii
770 1084 920 1150 monades
943 1092 1031 1168 uoto,
1064 1085 1262 1169 sexagenarii

120 1191 272 1256 monades
294 1209 366 1275 sex,
389 1190 629 1276 quadragenarii
651 1191 800 1256 monades
823 1199 980 1277 quattuor,
1008 1193 1127 1258 denarii
1156 1205 1303 1256 monasso

122 1318 194 1363 una.
240 1298 273 1363 lu
297 1298 479 1362 monadibus
502 1307 604 1363 autem
619 1315 676 1381 pro
693 1297 788 1362 lundo
812 1306 883 1364 sunt
905 1301 991 1382 ipsae
1012 1299 1170 1384 monades,
1193 1300 1265 1364 vel-

123 1409 165 1470 uti
189 1397 350 1470 novenarii
373 1408 491 1469 numeri
515 1423 640 1488 nouam,
663 1407 816 1472 octonarii
839 1415 921 1489 ooto,
954 1409 1118 1488 septenarii
1139 1415 1267 1488 septem.

42 1521 48 1530 '
123 1517 174 1579 Sir
191 1517 283 1598 igitur
298 1513 389 1578 etiam
405 1515 435 1576 in
457 1513 625 1576 litterarum
650 1513 809 1578 elementis
828 1513 994 1577 tenendum
1013 1523 1069 1576 est.
1121 1515 1269 1596 Unquae-

126 1641 188 1706 que
227 1623 307 1685 enirn
338 1620 437 1684 littera
469 1638 595 1684 numero
635 1621 725 1686 alioui
756 1621 939 1704 respondet,
977 1621 1069 1684 veluti
1104 1621 1204 1686 littera
1241 1627 1271 1684 ν·

126 1730 349 1814 quinquaginta
374 1728 536 1794 monadum
554 1737 616 1804 est;
639 1729 859 1812 quinquaginta
887 1733 987 1794 autem
1010 1729 1174 1794 monadum
1196 1730 1309 1794 tun-ss

128 1837 186 1902 dus
217 1843 264 1900 est
298 1837 473 1920 quinarius,
506 1843 537 1900 et
568 1835 740 1899 tielenses·
763 1833 874 1898 fundus
907 1843 954 1898 est
982 1835 1148 1918 quinarius.
1202 1836 1270 1920 Age

131 1964 222 2030 raro,
246 1963 287 2007 ex
310 1945 412 2028 aliquo
435 1943 560 2008 nomine
583 1942 696 2008 fundos
719 1946 785 2007 eius
810 1960 977 2006 sumamus:
1009 1943 1101 2008 veluti
1130 1947 1272 2029 nominis,

131 2052 213 2136 quod
238 2060 285 2114 est
304 2047 527 2136 Ἀγαμέμνων,
551 2058 599 2116 est
621 2053 741 2116 litterae
762 2056 788 2114 ᾶ
812 2068 920 2116 monas
943 2069 1013 2134 una,
1034 2057 1064 2130 γ’
1079 2057 1180 2117 autem
1203 2071 1272 2114 mo-

132 2161 229 2224 nades
262 2167 342 2244 tres,
375 2159 498 2222 alterius
522 2165 548 2220 ἄ
572 2177 678 2224 monas
713 2176 793 2242 una,
826 2164 861 2240 μ’
884 2157 1032 2222 monades
1065 2165 1274 2241 quattuor,s·

133 2266 282 2331 monades
304 2268 455 2350 quinque,
488 2271 523 2346 μ’
545 2264 693 2330 monades
716 2272 875 2350 quattuor,
907 2269 936 2327 ν’
959 2264 1108 2330 monades
1131 2268 1313 2349 quinque‚uo

132 2381 162 2438 ὦ
185 2373 334 2438 monades
359 2381 446 2456 uolo,
468 2379 498 2436 ν·
519 2371 667 2436 monades
690 2375 841 2456 quinque,
864 2389 944 2454 quae
965 2374 996 2434 in
1019 2390 1112 2435 unum
1126 2371 1275 2436 subducta

135 2491 239 2546 erunt:
267 2479 294 2566 l,
316 2481 347 2565 3,
372 2480 399 2564 1,
422 2479 452 2564 4,
476 2481 504 2561 5,
529 2477 558 2564 t,
584 2481 613 2565 5,
636 2482 666 2564 s,
690 2483 726 2562 55
750 2481 830 2544 liaeo
852 2479 983 2544 oonllatu
1007 2477 1142 2542 alliciunt
1165 2497 1274 2542 mona·
1326 2531 1332 2544 .

136 2589 192 2654 des
215 2589 266 2653 36.
310 2590 427 2653 Rursus
456 2587 565 2652 borum
587 2585 701 2650 landos
728 2593 851 2650 sumunt
873 2590 903 2648 et
930 2583 1005 2674 liunt
1034 2586 1152 2648 numeri
1179 2586 1277 2646 trice-

134 2697 214 2761 narii
236 2704 313 2780 trss,
336 2695 450 2759 senarii
473 2703 573 2759 autem
596 2695 662 2776 ipse
686 2693 846 2776 senarius,
879 2689 1011 2754 conflata
1039 2689 1134 2772 igitur
1162 2695 1280 2750 tresel

135 2823 193 2869 sex
215 2803 350 2867 alliciunt
373 2821 501 2884 novem,
523 2801 687 2865 novenarii
709 2807 812 2864 autem
834 2795 946 2862 landus
968 2796 1166 2860 novenarius.
1212 2793 1317 2857 llo-ou

137 2912 255 2994 quierit
277 2911 371 2992 igitur
392 2909 636 2991 Agamemnonis
664 2925 778 2970 nomen
817 2905 849 2970 in
871 2903 968 2968 lundo
998 2903 1050 2984 qui
1080 2918 1192 2965 novem
1225 2906 1280 2961 est.

137 3017 256 3082 Lloeldt
278 3015 359 3080 idem
389 3019 481 3080 etiam
503 3017 534 3079 in
565 3016 625 3079 allo
657 3016 782 3078 nomine
803 3019 941 3095 tentare,
976 3009 1060 3092 quod
1095 3015 1143 3071 est
1158 3003 1283 3089 ‘Earum

141 3126 177 3190 ld
207 3143 320 3190 nomen
353 3124 447 3198 babet
478 3123 609 3188 litteras:
639 3129 666 3185 ὲ·
689 3131 718 3185 et
751 3127 781 3182 a*
804 3125 835 3183 et
866 3125 893 3180 τ’
916 3127 948 3182 et
968 3125 998 3180 ὦ
1021 3123 1051 3180 et
1074 3121 1113 3200 ρ’.
1172 3115 1283 3178 llarum

142 3233 242 3298 laudi:
267 3234 297 3313 5,
320 3233 350 3316 2,
372 3231 403 3316 8,
425 3231 456 3316 8,
482 3230 509 3313 l,
532 3247 612 3312 quae
636 3229 766 3294 oonllata
790 3223 927 3292 effioiunt
941 3223 1089 3288 monades
1108 3221 1156 3286 19.
1201 3222 1284 3284 llar-

141 3359 194 3408 sas
220 3341 338 3404 denarii
369 3341 489 3404 numeri
520 3336 632 3401 landus
662 3353 770 3400 monas
802 3341 865 3415 est,
898 3333 1058 3396 novenarii
1088 3329 1282 3410 novenarius,
1307 3337 1320 3390 t

142 3467 224 3532 quae
246 3447 379 3512 oondata
403 3447 540 3510 efficiunt
563 3447 687 3528 decem,
712 3443 831 3508 denarii
850 3443 969 3506 numeri
991 3439 1020 3502 m
1035 3437 1148 3502 lundus
1163 3453 1282 3499 monas.

135 3559 358 3640 ,computatum
380 3557 473 3639 igitur
504 3571 615 3618 nomen
639 3552 779 3616 lleetoris
814 3549 918 3612 adsuit
951 3545 1078 3610 dandum
1112 3543 1283 3608 monadem.

141 3665 313 3747 Promptius
336 3671 437 3726 autem
460 3669 509 3726 est
530 3663 560 3724 in
584 3659 665 3724 huno
688 3657 812 3722 modum
833 3673 900 3719 rem
926 3652 1064 3738 aggredi.
1109 3650 1233 3715 Fundos
1245 3667 1286 3712 ex

142 3771 305 3834 elementis
326 3776 483 3852 repertos,
514 3768 557 3831 uti
579 3785 661 3830 nuno
684 3763 815 3829 nominis
837 3762 980 3826 lleotorls
1010 3761 1183 3841 reperimus
1214 3775 1285 3820 mo·
1312 3766 1329 3815 o

144 3877 242 3944 uades
262 3878 322 3961 ll,
349 3878 380 3940 iu
403 3893 514 3940 novem
537 3892 610 3938 sees
634 3880 662 3936 et
686 3870 769 3953 quod
792 3869 972 3951 relinquitur
1003 3884 1061 3948 pro
1094 3864 1197 3929 lundis
1226 3864 1286 3926 ha-

145 3988 228 4052 ueto.
271 3985 373 4048 Veluti
396 4003 464 4048 oum
491 3979 530 4047 lu
553 3980 657 4046 divido
680 3981 709 4042 in
733 3996 864 4060 novam,
886 3973 1069 4055 relinquitur
1091 3989 1201 4055 unum,
1225 3989 1287 4034 no·

147 4097 214 4158 vies
237 4093 318 4157 enim
341 4091 402 4159 duo
426 4089 562 4154 ellioiunt
586 4087 626 4152 18
649 4094 679 4149 at
699 4085 880 4166 relinquitur
896 4079 932 4160 13
955 4081 980 4146 si
1006 4080 1086 4142 enim
1109 4075 1288 4142 subduxero

146 4245 275 4307 autc
345 4241 545 4320 roridwdsc
625 4232 1079 4312 asso.ntptu]rlptvctl
1157 4219 1288 4293 NJ,

145 4345 173 4412 ἢ,
191 4345 235 4415 5¹]
252 4327 289 4396 Ῑ.
306 4337 385 4400 ⁸6.ss
499 4339 525 4392 9·
544 4338 659 4406 παχεῖα
677 4333 700 4394 ἴ
718 4330 877 4404 Respertta:
894 4333 1010 4404 mugeto
1025 4329 1099 4381 nim
1117 4320 1154 4376 C:
1174 4326 1289 4395 magri«

146 4433 325 4502 sirmt'M
