3050 4988
590 297 777 358 ausinora.
1202 301 1268 369 347
1290 257 1293 264 ¹

208 459 238 526 2.
284 462 441 537 Quaenam
464 463 604 530 doctrina
625 466 796 554 Basilidas,
826 487 917 551 quom
947 470 1122 538 Aristotelis
1148 475 1267 557 placllis

122 586 305 651 percussum
327 589 369 634 en
389 570 448 634 illis
472 571 616 637 haeresin
645 575 853 640 constituisse.

210 677 240 740 3.
285 676 323 740 El
351 695 430 758 quac
461 679 630 746 Saturnilus
670 682 782 747 doceat
809 682 960 748 basilidae
988 705 1089 768 paene
1119 691 1293 772 aequaliso

210 777 240 846 l.
285 782 446 857 Quomodo
479 793 580 850 autem
614 787 785 854 Menander
817 810 985 877 aggressus
1017 797 1057 860 sit
1086 795 1200 861 docere
1229 798 1268 864 ab

124 889 243 974 angelis
265 892 410 956 mundum
433 893 544 957 lactum
568 913 649 960 esse.

211 998 241 1061 5.
287 999 373 1074 Quae
403 999 570 1065 Marcionis
604 1004 744 1084 vesania,
780 1005 867 1069 cuius
900 1004 1068 1071 doctrinam
1103 1026 1166 1072 non
1196 1027 1267 1075 esse

123 1123 255 1191 novam,
278 1102 381 1188 neq'ue
405 1127 444 1172 cx
467 1111 564 1173 sacris
586 1113 758 1196 scripturis,
781 1111 836 1176 sed
857 1112 894 1176 ab
907 1114 1094 1196 Empedoele
1109 1124 1266 1199 sumptam.

210 1214 239 1276 6.
285 1213 447 1287 Quomodo
479 1216 683 1299 Carpocrates
717 1219 858 1306 mephat,
889 1223 941 1303 qui
969 1226 1000 1284 el
1028 1222 1095 1304 lpse
1126 1222 1199 1288 dicit
1228 1224 1266 1288 ab
1279 1232 1309 1284 lo

123 1319 243 1402 angelis
267 1321 409 1386 mundum
432 1323 544 1388 lactum
568 1343 648 1391 esse.

210 1427 240 1491 7.
285 1428 460 1494 Corinthum
493 1431 569 1495 nihil
602 1451 642 1496 ex
670 1433 842 1516 scripturis,
876 1433 933 1500 sed
966 1453 1006 1499 ex
1043 1435 1268 1521 Aegyptiorum

123 1533 242 1615 placitis
265 1536 435 1601 doctrinam
456 1538 650 1604 conflavisse.

210 1641 241 1705 ri.
286 1643 443 1718 Quaenam
477 1648 537 1710 sint
571 1646 800 1711 Ebionaeorum
835 1646 964 1732 placita,
1000 1650 1052 1729 qui
1084 1648 1268 1716 ludaeorum

124 1751 227 1833 potius
249 1749 357 1815 ritibus
380 1769 452 1815 sese
475 1753 636 1835 applicent.
1277 1761 1307 1815 rs

211 1856 242 1923 9.
287 1860 446 1934 Quomodo
469 1865 500 1922 et
522 1858 699 1924 Theodotus
731 1861 935 1947 aberraverit,
958 1862 1011 1944 qui
1034 1861 1093 1925 alia
1116 1861 1154 1923 ab
1170 1861 1268 1926 Ebio-

124 1966 212 2029 naeis
235 1967 381 2049 corrasit,
405 1966 463 2030 alia
488 1985 505 2030 a
527 1965 684 2032 cerintho.

214 2070 263 2138 lo.
307 2074 346 2137 llt
368 2091 518 2156 quaenam
541 2072 675 2138 Cerdcni
696 2076 761 2138 visa
784 2075 856 2160 sint,
887 2075 938 2156 qui
966 2080 997 2139 et
1023 2074 1089 2160 ipse
1110 2074 1270 2157 Empedo-

124 2181 192 2245 olea
213 2181 334 2245 recoxit
357 2187 388 2244 et
408 2183 486 2244 male
509 2183 588 2247 viam
609 2183 737 2247 munivit
756 2179 915 2245 Marcioni.

214 2287 264 2356 11.
308 2288 346 2352 Et
376 2289 533 2370 quomodo
562 2289 730 2373 lucianus,
764 2291 815 2371 qui
845 2307 886 2352 ex
913 2287 1079 2354 Marcionis
1112 2288 1309 2372 disciplinam

124 2395 248 2480 prodiit,
271 2395 390 2478 pudore
413 2396 557 2480 deposito
577 2399 693 2479 pariter
714 2395 805 2459 deum
829 2393 1029 2477 proscindere
1052 2415 1145 2461 ausus
1168 2397 1216 2461 sil.

214 2500 263 2566 12.
309 2501 402 2566 Cuius
435 2510 466 2566 et
494 2503 619 2585 Apelles
653 2502 813 2586 disciplina
846 2523 920 2568 usus
950 2522 1013 2567 non
1048 2503 1159 2567 eadem
1188 2522 1268 2586 quae

123 2611 272 2693 magister
302 2608 422 2693 docuit,
454 2610 510 2674 sed
551 2629 590 2674 cx
624 2610 757 2694 physicis
790 2610 950 2693 proleclus
981 2610 1099 2692 placitis
1130 2619 1269 2678 naturam

123 2717 262 2782 universi
286 2735 341 2802 pro
366 2716 565 2783 fundamento
588 2721 699 2801 posuit

213 2821 264 2887 13.
308 2823 386 2888 llari
409 2825 520 2887 iactato
552 2843 607 2905 per
634 2826 779 2907 impetum
809 2829 968 2887 ventorum
997 2823 1166 2888 consimilia
1195 2834 1308 2886 cer-ao

123 2937 234 2996 nentes
268 2929 497 2995 haeretieorum
534 2931 645 3012 placita
678 2930 831 2995 debebant
864 2929 1020 2995 auditores
1054 2930 1270 3012 praeternavi-

123 3055 200 3121 gare
237 3039 519 3121 circumspicientes
550 3044 671 3120 portum
704 3036 907 3119 lranquillum.
966 3036 1040 3100 Tale
1074 3039 1155 3099 enim
1185 3053 1270 3099 mare

124 3154 174 3210 est
194 3146 355 3211 beluosum
386 3153 418 3210 el
446 3145 672 3229 innavigabile,
709 3153 869 3229 tanquam,
903 3152 934 3207 ui
969 3144 1030 3210 hoe
1059 3152 1194 3227 utamur,
1217 3145 1270 3210 Si-

124 3255 245 3339 culum‚
277 3254 308 3316 in
339 3272 400 3336 quo
427 3252 606 3334 perhibetur
639 3252 771 3335 Cyclops
797 3259 827 3316 et
849 3252 1019 3336 Charybdis
1051 3257 1082 3314 et
1114 3251 1214 3335 Scylla
1238 3259 1270 3314 et

122 3360 270 3441 scopulus
313 3359 472 3445 Sirenum,
513 3359 597 3442 quod
638 3367 838 3442 pervagatum
878 3377 949 3422 esse
986 3360 1104 3423 Ulixem
1144 3359 1308 3423 narranl³⁰

126 3467 314 3532 Graecorum
347 3473 460 3549 poetae
490 3475 587 3531 astule
610 3484 697 3531 usum
720 3465 948 3547 inhospitalium
971 3467 1128 3530 beluarum
1153 3467 1270 3530 crude-

122 3573 228 3651 litate3
264 3573 394 3656 insignis
428 3573 508 3635 enim
541 3589 645 3634 earum
676 3571 804 3634 saevitia
840 3577 907 3632 erat
939 3569 1089 3633 adversus
1116 3588 1190 3653 cos,
1218 3571 1270 3653 qui

125 3697 209 3744 mare
231 3681 480 3762 pernavigarent.
539 3679 664 3744 Sirenes
695 3684 796 3740 aulem
826 3677 962 3740 suaviter
986 3683 1134 3742 canentes
1158 3686 1189 3740 at
1212 3696 1268 3742 ca·

122 3906 237 3964 [lucinis
256 3904 362 3961 inclusa
382 3901 468 3960 omC
506 3901 562 3960 cn.
590 3903 660 3959 inira
686 3923 744 3977 cap.
763 3904 808 3960 35.
833 3903 1116 3975 p.o57.eu.010n.
1227 3908 1270 3962 lo.

121 3999 256 4075 Kc'pdurvs]
275 4001 432 4072 Σακέρδωνι
450 3996 472 4054 C
490 3994 521 4051 Μ
627 3999 672 4052 22.
701 3999 904 4070 dnnpudpv'nmv
929 3997 1031 4071 ὁμοίως
1053 4017 1074 4051 r.
1098 4003 1127 4052 Q.
1151 4001 1271 4069 placca-

120 4092 213 4168 μῆσαι]
233 4093 418 4167 dnppudplaoa
434 4089 520 4164 μόνος
537 4109 556 4144 r.
576 4095 604 4144 a.
624 4090 822 4163 ἐβλασφήμησεν
842 4087 878 4145 C:
903 4089 950 4144 καὶ
965 4089 1052 4163 μόνος
1074 4091 1118 4146 vel
1140 4093 1271 4168 fllacpn-
1358 4109 1363 4119 ·

120 4186 204 4260 μῆσαι
220 4201 296 4256 susp.
315 4183 345 4240 Μ
460 4185 505 4238 23.
526 4175 566 4238 Ob
583 4185 639 4253 ani]
652 4180 803 4240 “onaatc
917 4183 962 4236 27.
982 4178 1133 4252 dommac
1223 4183 1268 4236 ³0.

120 4277 211 4332 Σκύλα
239 4275 261 4333 C
376 4279 411 4330 dn
432 4277 462 4332 di
492 4275 668 4332 inserendum
700 4275 847 4329 arbitratur
875 4270 919 4328 M:
960 4271 1087 4332 σκόπελος
1124 4268 1268 4340 lloeperus

121 4370 165 4424 32.
185 4368 230 4424 33.
249 4370 408 4441 παραξένων
425 4371 540 4441 θηρίων]
559 4369 683 4440 πράξεων
700 4359 844 4441 ‚ippuvaa¹
857 4364 1020 4437 παραδόξων
1029 4362 1121 4433 θηρῶν
1134 4377 1209 4432 susp.
1224 4358 1266 4416 M:

122 4459 279 4534 ἐμπλᾰστων
296 4460 385 4532 κηρῶν
402 4456 547 4532 Roeperus
