3056 4970
206 237 267 303 184
312 235 349 320 (p.
377 235 567 322 ιον-ατε.)
632 239 727 300 ωεστ
748 237 782 310 ν,
810 241 857 298 ιο.
883 241 931 298 ιι.

208 407 386 482 Καλοῦντες
420 403 479 472 οὖν
508 407 671 496 τοπάρχας
698 409 754 471 καὶ
783 408 989 494 προαστείους
1016 406 1071 470 καλ
1099 405 1186 472 ἄλλα
1218 407 1351 474 πλείστα

207 514 351 598 ὀνόματα
372 511 630 590 ἀναπλάσσοντες
652 511 776 590 ἑαυτοῖς
797 512 856 596 οάχ
879 511 1081 598 ἀποκείμενα,
1104 511 1189 600 ἀλλά
1202 517 1266 608 Ιτην
1285 518 1350 582 aiv

209 620 410 708 ἀστρολόγων
432 625 504 709 περὶ
525 619 597 697 τοῦς
619 619 754 710 ἀστέρας
769 623 881 686 πάσαν
903 620 1103 709 φανιαΙσίαν
1126 619 1264 704 ἀτέχνως
1282 645 1351 704 τεχ-

172 727 421 809 οονολογοῦντες,
443 727 580 814 μεγάλης
600 727 724 815 πλάνης
738 725 898 793 ὑπόθεσιν
911 727 1137 808 ἐπεισάγοντες,
1160 728 1351 816 ἐξελεγχῦηί-
1472 748 1474 824 ζ

210 849 318 898 σονται
342 831 399 896 σόν
422 835 458 924 τῇ
479 830 613 919 ἡμετέρᾳ
635 831 795 916 ἐμμελείᾳ.
835 830 1104 920 Ἀντιιταραάήσω
1126 831 1187 920 γάρ
1210 836 1246 924 τῇ
1268 824 1352 920 προ-

210 939 377 1030 λελεγμένη
407 943 469 1003 τόν
499 937 702 1028 ἀστρολόγων
729 937 902 1030 Χαλδαΐκῇ
930 941 1019 1028 τέχνη
1038 937 1109 1003 ἔνια
1131 941 1194 1003 τιῦν
1214 945 1354 1028 Περατι-
1476 1006 1477 1014 ,

210 1051 277 1111 κῶν
307 1047 548 1130 συνταγμάτων,
585 1044 643 1132 ἀφ’
672 1042 718 1110 ἀν
748 1044 883 1134 ὑπάρξει
913 1049 1139 1132 συγκρίναντας
1159 1050 1355 1134 κατανοῆσαι

211 1155 283 1228 ποῦς
314 1147 345 1216 ολ
375 1154 544 1239 Περατικολ
567 1149 655 1231 λόγοι
674 1153 737 1216 τῶν
759 1149 960 1240 ἀστρολόγων
981 1145 1242 1236 ὁμολογουμένως
1263 1152 1354 1232 είσίν,
1478 1136 1480 1222 ἶ

177 1257 252 1324 ειοῦ
274 1261 422 1344 Χριστοῦ.

213 1401 219 1424 ι
301 1365 349 1430 14.
395 1369 492 1428 Δοκεῖ
511 1359 569 1429 οὖν
590 1363 773 1452 παρατάξαι
795 1366 873 1448 μίαν
894 1363 965 1428 τινά
987 1365 1050 1427 τῶν
1070 1361 1146 1450 παρ’
1169 1361 1276 1442 αδτοίς
1297 1365 1356 1432 δο-

214 1469 396 1554 ξαζομένων
427 1469 565 1554 βίβλων,
598 1469 634 1534 ἐν
665 1465 686 1563 ᾗ
711 1469 812 1552 λέγει·
843 1468 936 1551 Ἐγά
965 1471 1072 1557 φωνη
1099 1470 1356 1556 ἐξυπνισμοῦ

117 1599 119 1604 ·
214 1578 258 1642 ἐν
285 1582 334 1666 τῷ
360 1578 481 1642 αέιῦνι
509 1580 573 1663 τῆς
603 1577 759 1654 νυκτός·
797 1577 942 1642 λοιπόν
971 1577 1149 1664 ἄρχομαι
1176 1584 1357 1663 γυμνοῦν

215 1685 281 1772 την
302 1683 380 1750 ἀπὸ
402 1688 469 1750 τοῦ
489 1685 613 1768 χάους
633 1683 823 1769 δύναμιν.
850 1683 897 1750 ‘H
915 1683 1087 1769 δύναμις
1106 1690 1175 1752 τοῦ
1194 1685 1357 1772 ἀβνσσι-

180 1793 284 1856 ίυκοῦ
302 1791 451 1870 θολοῦ,
475 1791 576 1878 ἧτδν
600 1791 726 1878 πηλόν
744 1791 1079 1876 ἀναβαστάζουσα
1100 1796 1165 1859 τοῦ
1188 1793 1358 1884 ἀφθάρ-

216 1921 281 1964 του
316 1897 494 1982 ἀχανοῦς
522 1898 706 1988 διῦγρου,
739 1897 758 1987 ἢ
786 1904 853 1964 τοῦ
875 1900 1116 1984 σκιάσματος
1137 1900 1209 1988 ὅλη
1233 1902 1360 1970 δυ’να-

216 2030 280 2090 μις
313 2005 567 2096 ῦδατόχρους
596 2006 843 2094 ἀεικίνητος,
890 2009 1074 2094 φέρουσα
1103 2009 1148 2072 τὰ
1174 2011 1356 2092 μένοντα,

218 2117 435 2197 κατέχουσα
449 2115 494 2180 τά
513 2117 721 2201 τρέμοντα,
745 2111 978 2178 ἀπολύουσα
991 2113 1034 2178 τὰ
1048 2113 1256 2204 ἐρχόμενα,
1272 2134 1359 2184 κου-

219 2219 395 2307 φίζουσα
417 2223 462 2286 τά
484 2223 677 2305 μένοντα,
711 2221 981 2305 καθαιροῦσα
1001 2220 1046 2284 τά
1068 2223 1260 2301 αὔξοντα,
1294 2247 1359 2290 πι-

182 2328 286 2416 οοστη
316 2328 521 2412 οίκονόμος
550 2330 616 2392 τοῦ
645 2329 779 2410 ἴχνους
811 2327 888 2390 τόν
918 2323 1063 2412 ἀέρων,
1084 2327 1104 2415 η“
1126 2329 1172 2394 τά
1196 2328 1359 2418 ἀνερευ-

219 2435 369 2518 γόμενα
396 2432 476 2500 ἀπό
506 2436 583 2499 τόν
611 2431 770 2500 διόδεκα
796 2430 1033 2518 ὀφθαλμῶν
1060 2433 1228 2523 ἐντολῆς
1256 2435 1359 2502 ἀπο-

221 2541 421 2619 λαόουσα,
459 2538 665 2629 σφραγίδα
693 2537 871 2626 δηλοῦσα
900 2539 1002 2627 πρός
1029 2543 1096 2628 την
1120 2541 1202 2626 μετ’
1230 2542 1361 2610 αδτιῦν

131 2699 134 2708 ,
222 2647 528 2732 ολκονομοῦσαν
556 2650 630 2712 τόν
662 2645 965 2734 ἐπιφερομένων
993 2643 1173 2735 ἀοράτων
1203 2649 1361 2718 ὑδάτων

223 2753 410 2839 δύναμιν,
437 2753 588 2841 ἐκλήθη
612 2752 812 2819 Θάλασσα.
870 2754 1031 2840 ,Ταότην
1051 2759 1119 2842 την
1142 2755 1361 2847 δυ’ναμινὴ

202 2860 404 2943 1ἀγνωσία
434 2860 602 2927 ἐκάλεσε
637 2859 807 2949 Κρόνον,
840 2860 1003 2945 όεσμοίς
1036 2865 1362 2951 φρουρούμενον,

223 2966 313 3032 ἐπεὶ
353 2967 517 3055 ἔσφιγγε
554 2967 595 3032 τό
629 2965 865 3051 σόμπλεγμα
898 2971 966 3033 τοῦ
992 2973 1149 3034 πυκνοῦ
1180 2977 1248 3036 καὶ
1278 2971 1364 3056 όμι-

224 3072 404 3157 χλιόδους
430 3071 585 3160 ἀδήλου
607 3075 814 3137 σκοτεινοῦ
836 3072 1048 3160 ταρτάρου.
1101 3077 1258 3165 Ταότης
1279 3076 1364 3159 ἐγέ-

225 3201 341 3245 νοντο
371 3176 458 3245 κατ’
488 3179 625 3246 εέκόνα
654 3179 822 3266 Κηφεύς,
865 3181 1129 3267 Προμηθεύς,
1165 3179 1363 3259 Ἰαπετός.

205 3287 406 3372 οΔιίναμις
426 3288 726 3372 πεπιστευμένη
741 3285 807 3372 την
822 3286 1047 3352 Θάλασσαν
1070 3285 1364 3376 άρρενόθηλος,

226 3395 246 3483 ἢ
272 3395 343 3460 τόν
370 3393 643 3481 ἀνατρέχοντα
673 3393 868 3479 συριγμόν
897 3393 977 3459 ἀπὸ
1007 3397 1081 3459 τῶν
1101 3391 1260 3456 διόόεκα
1282 3409 1366 3458 στο-

226 3502 362 3586 μάτων
388 3512 474 3578 τοίς
501 3501 660 3566 διόδεκα
682 3498 897 3578 αὐλίσκοις
919 3499 1156 3588 ἁρμόζουσα
1178 3497 1367 3582 διαχόνει

226 3608 352 3696 λεπτὴ
385 3605 486 3673 οδσα
520 3613 587 3672 καὶ
616 3611 878 3696 καθαιροῦσα
911 3609 981 3696 την
1014 3609 1266 3690 κατέχουσαν
1297 3606 1367 3673 λά-

226 3718 318 3801 βρον
338 3713 574 3804 ἀναφοράν,
597 3717 664 3778 καί
690 3716 906 3802 σφραγίζει
928 3715 1132 3806 ἀτραΙποῦν
1154 3711 1275 3789 όόοῦς
1298 3712 1369 3779 αδ-

190 3825 308 3908 ἐῠτῆς,
341 3821 443 3908 πρός
472 3821 511 3886 τό
542 3821 591 3907 με)
624 3807 847 3908 πολεμῆσαιΙ
876 3825 897 3909 ἢ
923 3821 1156 3899 ἐναλλάξαι
1182 3819 1223 3885 τδ
1248 3821 1297 3908 μη
1319 3819 1368 3886 δι’

229 3925 349 4014 αὐτῆς
369 3928 553 4016 θυγάτηρ
576 3931 780 4016 τυφωνικη
801 3929 919 4016 πιστὴ
940 3927 1078 4016 φόλαξ
1098 3925 1370 3994 δόάτωνπαν-

228 4040 351 4102 τοίων.
397 4035 545 4118 Ὀνομα
572 4033 665 4126 αὐτῇ
685 4035 854 4123 Χορζάρ·
885 4036 1027 4123 ταότην
1047 4034 1067 4122 η
1090 4033 1262 4115 ἀγνωσία
1284 4035 1371 4098 ἐκά-

230 4143 314 4210 λεσε
327 4139 576 4220 Ποσειδῶνα,
600 4137 734 4206 οὖκατ)
748 4143 888 4208 είκόνα
905 4143 1058 4224 ἐγένετο
1077 4138 1268 4216 Γλαῦκος,
1292 4145 1371 4204 Με-

302 4305 347 4362 78.
371 4299 519 4366 έαντοῦςῦ
632 4303 677 4359 83.
703 4299 929 4375 συχκρίναντεςῦ
1043 4302 1089 4358 84.
1112 4301 1266 4374 Περαιικολ]
1284 4300 1372 4373 Περά-

230 4415 272 4452 ται
290 4394 325 4453 C:
345 4397 472 4470 Περατῦν
489 4393 520 4452 Μ
632 4393 678 4450 89.
700 4391 779 4460 Quae
797 4401 949 4466 sequuntur
967 4401 1021 4450 um
1032 4391 1162 4466 perplexa
1174 4399 1246 4457 nunt,
1265 4399 1295 4446 ut
1308 4407 1374 4446 om-
