3050 4988
534 329 538 334 '
625 327 772 389 HARCUS.
1204 320 1267 386 315

123 507 286 583 propterea
310 494 394 581 quod
417 497 491 560 muti
514 503 599 576 sunt,
622 495 683 562 lunc
705 504 753 562 est
775 495 949 562 ineffabiles
969 503 1000 558 et
1022 493 1147 575 indicti;
1170 497 1268 560 semi-

123 608 250 672 vocales
274 612 394 690 eutem,
417 622 498 688 quae
529 612 601 670 colo
629 607 705 690 sint,
727 606 806 691 Logi
826 623 898 670 esso
929 611 960 668 el
988 604 1091 690 Vitae,
1121 605 1267 687 quoniam

122 716 184 778 sint
199 721 344 795 tanquam
358 711 572 777 mediacinter
594 722 693 778 mutes
715 721 745 777 ct
759 712 885 777 vocales
908 713 1148 794 acceperintque
1170 724 1308 795 supe-tc

122 822 239 885 riorum
262 821 497 905 emanationem,
521 838 629 885 eorum
641 827 753 906 aulem,
774 838 853 902 quae
868 827 941 884 suut
955 819 1091 904 inleme,
1108 821 1269 885 reversio-

122 946 211 1006 nem;
233 926 359 992 vocales
381 935 493 1012 autem,
515 945 597 1010 quae
611 934 642 992 et
663 929 749 1011 ipsae
768 936 885 1010 septem
901 926 971 1011 sint,
994 926 1132 991 Hominis
1150 945 1220 992 esse
1238 937 1269 994 el

121 1034 299 1118 Ecclesiae,
323 1033 573 1117 quandoquidem
596 1053 652 1118 per
674 1035 836 1099 Hominem
860 1051 988 1117 egressa
1012 1050 1075 1097 vox
1092 1033 1271 1118 figuraverit

124 1142 285 1222 universa3
306 1158 402 1204 sonus
426 1143 508 1204 enin
529 1143 616 1205 vocis
638 1141 769 1226 ligurem
791 1141 829 1204 iis
851 1139 1062 1204 circumdedit.
1107 1141 1162 1206 Est
1176 1143 1270 1225 igilur

122 1248 227 1332 Logus
250 1247 369 1312 habens
386 1255 424 1326 ct
443 1248 511 1313 llila
535 1255 607 1314 octo
638 1248 705 1312 illas
736 1248 869 1332 litteras,
904 1248 1002 1312 Homo
1027 1254 1127 1312 autem
1152 1257 1184 1313 et
1203 1249 1308 1313 llo-no

123 1356 219 1420 clesia
250 1355 318 1419 illas
350 1363 487 1438 septem,
520 1355 610 1419 Pater
639 1363 740 1420 autem
768 1361 800 1420 et
827 1354 947 1419 Veritas
979 1373 1091 1420 novem
1113 1355 1190 1420 illas.
1235 1356 1270 1419 ln

123 1461 249 1526 delectu
272 1463 366 1546 igitur
389 1462 525 1544 computi
544 1464 588 1546 is,
615 1464 668 1545 qui
691 1461 731 1526 de
754 1461 831 1526 sede
853 1469 992 1527 remotus
1014 1463 1096 1526 inest
1117 1466 1149 1526 in
1171 1464 1270 1547 Patre,

123 1568 285 1633 descendit
308 1571 438 1634 emissus
469 1569 509 1633 nd
539 1587 626 1654 eum,
656 1588 758 1653 aquo
779 1577 964 1654 segregatus
993 1577 1073 1657 erat,
1105 1569 1143 1635 ad
1167 1570 1271 1634 comi-

122 1676 225 1761 genda
248 1694 302 1762 ee,
339 1694 419 1758 quae
452 1683 520 1740 acta
551 1684 655 1761 erant,
687 1685 721 1741 ut
753 1677 958 1758 plerometum
988 1679 1089 1742 unitas
1122 1679 1154 1741 in
1184 1679 1269 1742 bono

123 1791 269 1850 constans
293 1783 427 1849 fructum
450 1783 531 1848 leret
554 1802 646 1848 unam
669 1784 701 1847 in
725 1784 882 1870 omnihus,
908 1802 988 1866 quae
1017 1792 1065 1848 est
1096 1804 1137 1849 ex
1167 1785 1310 1850 omni-to

122 1890 196 1975 bos,
216 1899 411 1975 potestatem.
465 1893 503 1956 El
525 1893 567 1956 ita
589 1894 642 1975 qui
665 1898 712 1956 est
738 1891 857 1956 illarum
885 1899 1021 1975 septem,
1052 1899 1124 1958 octo
1153 1893 1271 1957 illarum

123 2008 231 2066 nactus
254 2007 302 2066 est
323 2006 524 2085 potestatem,
557 2006 588 2063 et
609 1999 682 2064 iacti
704 2007 775 2064 sunt
805 2005 869 2064 tres
890 1999 952 2063 loci
977 1999 1020 2063 illi
1043 1999 1188 2082 aequales
1210 2019 1272 2064 nu-

123 2109 233 2191 meris,
264 2113 373 2190 utpote
411 2105 587 2191 ogdoades,
619 2109 670 2189 qui
700 2105 823 2189 quidem
853 2113 916 2171 tres
946 2106 1005 2170 sibi
1040 2106 1133 2172 additi
1165 2107 1273 2192 viginti

123 2222 266 2297 quattuor
295 2215 414 2280 illarum
449 2214 651 2280 ostenderunt
672 2231 844 2278 numerum.
901 2215 971 2278 Tria
994 2220 1096 2278 autom
1120 2214 1273 2280 elementa

127 2429 159 2485 et
180 2419 414 2502 ineloquibiles3
436 2418 640 2484 semivocales
664 2425 781 2497 autem,
812 2437 880 2483 cum
903 2421 963 2485 sint
985 2426 1076 2505 octo,
1099 2420 1176 2505 Legi
1200 2438 1271 2486 esse

124 2535 157 2593 et
176 2527 274 2613 Zocs,
298 2529 444 2610 quonism
476 2529 563 2609 quasi
595 2524 716 2592 mediae
746 2527 806 2589 sint
835 2528 917 2591 inter
948 2533 1046 2591 mutos
1074 2534 1105 2590 et
1135 2527 1270 2614 vocales,

124 2642 156 2700 ct
178 2637 320 2716 recipere
343 2652 449 2698 eorum
472 2633 613 2719 quidem,
638 2651 719 2715 quae
742 2636 911 2719 supersint,
939 2637 1185 2722 emanationem,
1209 2655 1271 2702 eo-

122 2760 191 2806 rum
211 2757 307 2827 vero,
330 2759 410 2825 quae
432 2741 569 2826 subsint,
592 2741 807 2805 elevationem.
859 2741 989 2806 Vocalcs
1010 2749 1111 2807 autem
1136 2750 1168 2806 et
1189 2745 1271 2826 ipsos

123 2857 243 2931 septem
273 2865 344 2913 esse
366 2847 518 2929 Anthropi
548 2856 580 2912 et
611 2846 784 2934 Ecclesiae,
815 2850 959 2931 quoniam
994 2868 1049 2932 per
1077 2849 1270 2934 Anthropum

123 2974 186 3021 vox
207 2953 415 3039 progrediens
437 2957 579 3020 lormavit
602 2956 719 3033 omnia3
742 2972 839 3020 sonus
862 2957 940 3020 enim
965 2957 1049 3020 vocis
1075 2955 1202 3020 formem
1226 2958 1271 3020 eis

122 3061 333 3128 circumdedit.
378 3061 432 3127 Est
454 3063 548 3146 igitur
569 3061 674 3144 Leges
697 3062 815 3126 habens
838 3071 869 3127 et
890 3063 952 3127 Zoa
973 3071 1058 3147 octo,
1092 3062 1271 3146 Anthi-opos

123 3177 225 3232 aulem
248 3174 279 3234 el
300 3168 441 3233 Ecclesia
463 3175 596 3252 septem,
619 3169 711 3233 Pater
734 3174 837 3233 autem
860 3177 892 3234 ct
914 3170 1035 3234 Aletiia
1059 3189 1183 3238 novem.
1225 3172 1272 3237 Ex

123 3275 235 3338 minori
264 3281 367 3339 autem
397 3278 626 3358 computatione
656 3276 709 3360 qui
741 3283 808 3341 crat
839 3276 919 3358 apud
948 3277 1067 3341 Patrem
1101 3276 1272 3364 descendit,

124 3385 255 3448 emissus
277 3383 371 3468 illuc,
401 3381 484 3446 unde
515 3383 618 3447 lueret
643 3391 814 3466 separatus,
836 3382 874 3447 ad
898 3383 1146 3450 emendalionem
1168 3387 1272 3452 inclo-

122 3509 210 3573 rum,
246 3498 280 3554 ut
317 3489 518 3571 pleromntum
557 3493 658 3555 unitas
699 3491 916 3574 aequalitatem
954 3490 1072 3555 habens
1110 3493 1272 3557 fructificet

122 3614 214 3660 unam
235 3597 267 3661 in
291 3596 449 3679 omnibus,
472 3615 552 3680 quae
577 3604 685 3662 estex
708 3597 850 3662 omnibus
874 3600 979 3661 virtus.
1035 3598 1077 3662 Et
1105 3600 1150 3664 sic
1172 3602 1197 3664 is
1220 3601 1272 3682 qui

124 3713 172 3770 est
194 3705 313 3768 numeri
335 3710 453 3786 septem
485 3723 592 3770 eorum
622 3705 673 3787 qui
700 3711 772 3767 sunt
801 3710 874 3768 octo
904 3707 1024 3787 accepit
1052 3707 1211 3788 virtutem,
1240 3713 1271 3769 el

122 3813 204 3878 inote
226 3819 298 3876 sunt
326 3813 383 3876 tria
414 3810 484 3874 loca
516 3811 623 3874 similia
655 3812 806 3896 numeris,
840 3829 909 3875 cum
942 3812 1003 3875 sint
1039 3815 1269 3875 octonaliones:

123 3936 204 4000 quae
227 3924 276 3980 ter
296 3919 326 3981 in
350 3937 386 3982 se
409 3919 563 3982 venientia
585 3917 692 4001 viginti
715 3924 861 3999 quattuor
883 3918 1086 3983 ostenderunt
1100 3936 1269 3983 numerum.

123 4025 161 4088 Et
181 4027 237 4088 trin
261 4024 384 4108 quidem
413 4024 579 4106 elementa,
617 4024 709 4106 (quae
741 4023 813 4088 dicit
841 4025 909 4107 ipse
936 4025 1027 4089 trium
1058 4027 1089 4088 in
1117 4026 1271 4111 coniuga-

122 4237 158 4275 ιιι
176 4219 319 4275 inuadant?
426 4221 470 4275 24.
490 4215 547 4296 διὰ]
566 4217 613 4274 xci
631 4215 653 4274 C
671 4215 702 4275 Μ
809 4221 856 4276 26.
882 4222 985 4297 ὄέχων
1002 4223 1048 4277 καὶ
1066 4221 1081 4291 ἢ
1099 4224 1150 4291 ζωὴ
1167 4223 1182 4290 ἢ
1201 4220 1272 4279 vniC

123 4312 168 4368 28.
186 4309 406 4384 domeioonocC
532 4311 577 4367 29.
596 4311 719 4386 ἱχωρῆθη
739 4308 761 4367 C
894 4315 939 4372 ³1.
958 4312 1065 4392 ἀγαθῷ]
1086 4331 1119 4370 ιιι
1138 4316 1273 4388 entend?

122 4401 333 4476 καρποφοριῒῦ
466 4405 510 4461 32.
530 4405 582 4460 τῶν
598 4401 675 4481 ὀκτὼ]
695 4404 729 4477 τῷ
747 4402 870 4478 conscii]
991 4407 1036 4463 ³4.
1056 4406 1102 4477 ἀφ’
1122 4406 1273 4470 domnice

122 4495 168 4552 ³5.
188 4493 385 4560 ἇνεδὲξαντυῦ
423 4493 867 4569 ct.lren.ettnlmp.³2l,u.
889 4499 930 4554 10.
1021 4495 1110 4552 &edd
1125 4494 1157 4555 ll
