3056 4970
657 345 820 404 tustinus.
1252 339 1316 401 227

170 531 223 578 eus
251 513 346 597 igitur
371 518 418 574 est
450 509 569 573 Baruob
602 509 642 573 ad
671 509 780 574 Mosen
809 519 841 573 et
866 526 923 591 per
945 526 1014 570 eum
1036 507 1158 570 locutus
1181 515 1228 571 est
1250 508 1317 572 bliis

171 619 284 702 israel,
316 625 351 682 ut
378 623 638 680 converterentur
667 617 704 679 ad
727 616 855 681 bonurn.
900 615 1020 678 Tertius
1048 623 1149 678 autern
1178 615 1318 698 (angelus

172 726 284 804 Edem)
306 743 364 806 per
385 725 515 789 animaru
538 723 575 785 ab
598 722 694 786 Edem
716 709 903 786 habitantem
928 722 958 783 in
981 721 1089 804 Mose,
1125 723 1203 784 sicut
1226 724 1316 785 etiarn

172 835 205 896 in
229 833 369 896 ornnibus
391 830 576 914 bominibus,
597 835 762 912 praecepta
784 828 902 892 Barueb
918 827 1096 891 obscuravit
1111 835 1141 891 et
1153 845 1207 891 sua
1222 829 1317 910 ipsius
1326 836 1355 888 te

175 938 249 1002 iecit
272 946 306 1003 ut
329 936 519 1002 audirentur.
564 935 732 1018 Propterea
756 938 855 1000 anima
878 927 1083 1000 exadversum
1106 935 1224 1016 spiritui
1248 936 1318 998 col-

174 1032 276 1112 locuta
299 1051 347 1108 est
370 1050 401 1108 et
423 1045 546 1126 spiritus
570 1045 699 1107 animae.
746 1043 859 1107 'Anime
883 1045 964 1106 enim
987 1050 1034 1106 est
1050 1043 1161 1125 Edem,
1195 1046 1318 1124 spiritus

174 1161 276 1218 autem
299 1151 438 1236 Elobim,
468 1168 598 1232 quorum
620 1159 782 1232 utrumque
806 1151 904 1213 estin
928 1150 1068 1214 ornnibus
1091 1150 1265 1216 bominibus
1288 1159 1319 1214 et

175 1262 327 1325 femininis
360 1267 392 1322 et
419 1261 572 1322 rnascutis.
626 1259 742 1322 Rursus
771 1265 841 1339 post
870 1257 948 1321 baec
978 1259 1088 1322 missus
1111 1265 1159 1321 est
1181 1259 1219 1321 ad
1241 1275 1318 1338 pro-

176 1366 286 1449 phetas
317 1365 453 1449 Barucb,
484 1373 517 1428 ut
538 1382 595 1447 per
616 1364 784 1447 propbetas
807 1364 926 1428 audiret
949 1367 1071 1447 spiritus
1093 1367 1123 1427 in
1147 1365 1357 1428 horninibusto

176 1473 317 1538 babitans
340 1477 370 1536 et
393 1473 516 1556 iugeret
536 1471 630 1536 Edem
655 1481 686 1535 et
706 1471 845 1535 ficturam
874 1491 1019 1554 pravam,
1051 1472 1094 1535 uti
1123 1471 1201 1556 sugit
1232 1478 1321 1554 pater

176 1579 304 1644 iitobim.
347 1579 465 1642 Pariter
487 1579 579 1642 etiam
603 1577 713 1643 eodem
738 1579 867 1642 consitio
890 1579 972 1641 Noas
994 1597 1051 1660 per
1075 1581 1205 1642 animan
1228 1577 1320 1641 inhn-

177 1686 322 1750 bitantem
352 1687 384 1749 in
412 1685 535 1749 bomine
567 1703 635 1750 curn
659 1687 766 1766 spiritu
790 1687 883 1767 patris
906 1687 1009 1749 attexit
1027 1685 1194 1768 propbetas
1218 1694 1248 1750 et
1272 1687 1321 1750 al-

176 1792 250 1858 lecti
271 1800 342 1858 sunt
364 1811 472 1856 ornnes
495 1800 527 1854 et
548 1810 611 1854 non
636 1791 776 1855 obsecuti
799 1800 869 1856 sunt
893 1794 980 1857 dictis
1002 1793 1139 1877 Barucb,
1168 1813 1247 1875 quae
1269 1796 1321 1857 in-

176 1902 319 1964 iunxerat
340 1899 470 1962 Eiobirn.
515 1898 564 1962 Ad
587 1905 756 1962 extrennunt
780 1918 798 1962 e
821 1902 979 1981 praeputio
1002 1899 1183 1982 propbetnnr
1207 1901 1359 1985 delegitee

178 2005 297 2070 Riobiru
327 2005 491 2069 Herculem
517 2013 548 2067 et
565 1985 645 2068 misit
667 2012 700 2086 ut
721 2005 881 2069 duodecim
905 2007 1034 2090 angelos
1058 2009 1152 2071 Edern
1174 2008 1320 2072 luctando

180 2115 360 2179 devinceret
386 2120 415 2176 et
446 2113 590 2177 liberaret
617 2119 734 2194 petrem
764 2131 781 2175 e
810 2113 971 2178 duodecim
1005 2115 1123 2198 angelis
1158 2124 1321 2179 creaturae

178 2223 289 2305 pravis.
343 2221 379 2284 ili
402 2226 472 2283 eunt
495 2219 659 2282 duodecim
681 2218 804 2284 iabores
826 2219 976 2305 Herculis,
998 2239 1076 2305 quos
1098 2223 1218 2304 peregit
1239 2221 1323 2285 Her-

180 2331 264 2394 cules
287 2327 414 2413 ordine,
443 2347 460 2391 e
485 2327 583 2408 primo
606 2325 643 2390 ad
668 2332 848 2411 extremum,
875 2329 1043 2390 devincens
1065 2316 1186 2392 teonern
1210 2336 1241 2391 et
1263 2329 1324 2411 hy-

181 2439 263 2500 drern
287 2444 319 2500 et
342 2453 447 2517 aprum
467 2441 498 2496 et
517 2433 673 2513 deinceps.
724 2432 922 2497 Etbnicorunr
954 2435 1033 2497 enirn
1066 2451 1136 2498 esse
1159 2434 1237 2498 boec
1260 2446 1361 2497 no-to

182 2547 277 2628 mina,
311 2560 391 2624 quae
418 2542 549 2622 repetite
577 2556 648 2602 esse
671 2541 755 2602 aiunt
777 2538 815 2601 eb
839 2557 935 2621 opera
957 2547 1165 2604 maternorum
1188 2542 1323 2624 angelo-

180 2669 255 2716 ronr.
308 2648 365 2713 Ubi
388 2655 489 2712 autem
512 2645 571 2710 sibi
592 2647 676 2710 visus
699 2654 745 2708 est
768 2662 874 2709 omnes
897 2647 1020 2710 iabores
1041 2649 1217 2732 peregisse,
1253 2665 1325 2710 sese

182 2758 313 2840 applicet
343 2753 381 2818 ed
413 2773 482 2818 eum
505 2751 667 2834 Onnpbele,
691 2769 771 2833 quae
793 2751 916 2832 quidem
940 2759 986 2814 est
1008 2753 1102 2816 Babel
1124 2756 1189 2817 sive
1212 2755 1324 2836 Venus,

182 2873 214 2929 et
236 2860 421 2929 blandiendo
446 2861 527 2941 cepit
548 2858 713 2922 Herculem
741 2867 772 2922 et
800 2859 885 2922 exuit
908 2866 1090 2941 potestatem
1115 2862 1199 2944 eius,
1229 2878 1324 2942 prae-

184 2978 273 3051 cepta
285 2967 413 3052 baruch,
433 2985 513 3049 quoe
530 2963 732 3028 mandaverat
745 2964 875 3049 Elobirn,
898 2972 929 3028 et
951 2965 1105 3029 redinduit
1127 2985 1212 3030 suam
1228 2968 1362 3049 ipsinsac

182 3085 311 3159 vestero,
332 3075 393 3138 boc
415 3080 463 3138 est
484 3078 665 3156 potestatem
688 3072 793 3156 Edem,
816 3073 893 3135 inira
916 3075 1085 3157 potestatis,
1109 3080 1139 3136 et
1157 3075 1196 3137 ita
1213 3083 1325 3138 eventu

183 3191 348 3248 caruerant
370 3181 509 3246 Herculis
529 3169 691 3262 prophetia
716 3186 747 3242 et
768 3197 861 3262 opera
885 3182 960 3245 eius.
1004 3183 1050 3243 Ad
1073 3186 1242 3244 extremum
1267 3201 1327 3245 au-

184 3297 246 3353 tern
277 3289 387 3355 diebus
409 3286 538 3351 Herodis
561 3287 646 3368 regis
669 3285 796 3349 mittitur
816 3285 955 3369 Barucb,
983 3286 1134 3350 demissus
1157 3307 1264 3352 rursus
1289 3288 1326 3350 ab

182 3395 311 3480 Elobirn‚
335 3401 457 3458 etcum
479 3392 604 3456 advenit
626 3391 792 3476 Nazareth,
814 3395 929 3474 reperit
950 3393 1068 3476 lesum,
1091 3393 1184 3456 fitium
1205 3393 1327 3476 iosepbi

184 3512 216 3568 et
238 3505 367 3588 Mariae,
398 3509 573 3584 pascentem
598 3517 691 3583 oves,
723 3500 881 3580 puerulum
912 3500 1073 3563 duodecim
1096 3519 1263 3584 annorum,
1298 3507 1365 3562 etto

185 3610 344 3672 annuntiat
377 3610 406 3672 ei
435 3607 473 3670 eb
503 3609 589 3672 initio
623 3607 725 3670 ornnia
748 3624 953 3688 quaecunque
976 3605 1054 3670 iacto
1078 3608 1208 3671 suntab
1231 3607 1327 3670 Edem

187 3724 219 3780 et
239 3715 358 3780 Etobim
383 3721 415 3779 et
433 3713 561 3798 posthoc
584 3714 694 3798 tuturo,
725 3720 756 3775 et
777 3713 868 3777 dixit:
910 3711 1022 3776 Omnes
1050 3722 1121 3776 onte
1142 3722 1171 3776 te
1190 3715 1327 3796 propbe-

185 3921 263 3996 Orig.
284 3923 419 3997 3,’330(Ι)
436 3922 503 3979 κατὰ
520 3923 565 3976 τοῦ
583 3921 740 3994 πνσῦματος,
758 3917 786 3972 td
804 3919 833 3974 di
852 3919 958 3994 πνεῦμα
977 3920 1042 3975 κατὰ
1060 3922 1103 3987 τῆς
1121 3921 1234 3994 σαρκός·
1252 3923 1330 3976 ταῦτα

187 4019 242 4091 γὰρ
268 4005 389 4084 ἀλλήλοις
410 4017 549 4072 ἀντίκειται
566 4032 590 4066 κ.
608 4015 670 4066 nt.
791 4014 819 4068 4.
848 4013 1014 4084 drepanium]
1036 4011 1219 4085 Beruayeiua:
1249 4014 1330 4084 οὖρα-

183 4115 242 4172 νοῖς
261 4107 282 4163 G
300 4107 330 4164 Μ
445 4107 530 4179 φύγῃ]
546 4102 636 4176 φυγόν
655 4100 677 4158 C
695 4101 725 4158 Μ
842 4109 867 4161 d.
887 4106 933 4160 διὰ
951 4107 1003 4159 τῶν
1015 4107 1169 4178 προφητῶν]
1189 4105 1267 4160 uncia
1281 4105 1330 4156 in-

185 4201 326 4267 clusimus,
345 4201 447 4276 quippe
468 4213 539 4270 quse
559 4197 723 4252 sententiam
744 4197 864 4262 turbent,
884 4197 1000 4252 sortasse
1020 4199 1090 4253 maie
1109 4199 1206 4251 iterata
1226 4213 1260 4248 ex
1278 4211 1330 4246 eu-

184 4291 342 4364 Ρθῐῑῦῐὶδῠῠ
457 4289 484 4345 7·
505 4287 601 4364 Ψυχῆς]
621 4289 697 4361 ὲῦχῆς
716 4286 738 4342 C
756 4287 786 4341 Μ
898 4291 926 4345 8.
946 4283 1248 4360 1‘ure'ouge]dns'oupeC:¹
1272 4287 1330 4336 dna·

183 4385 273 4455 ovipara
294 4400 370 4456 susp.
389 4381 419 4439 M
477 4377 654 4454 ὕπεσὺρησαν]
674 4377 879 4452 tnaodpncch
994 4382 1021 4435 tt.
1042 4382 1096 4440 τοῖς
1114 4375 1218 4447 λόγοις]
1239 4377 1265 4429 at
1285 4373 1330 4429 td-

181 4469 268 4548 yoeG
387 4466 633 4530 iberorum!
754 4467 962 4541 19&ch

974 4563 1044 4631 lb’
