<?xml version="1.0" encoding="UTF-8"?>
<!DOCTYPE html PUBLIC "-//W3C//DTD XHTML 1.0 Transitional//EN"
    "http://www.w3.org/TR/xhtml1/DTD/xhtml1-transitional.dtd">
<html xmlns="http://www.w3.org/1999/xhtml" xml:lang="en" lang="en">
 <head>
  <title>
</title>
<meta http-equiv="Content-Type" content="text/html;charset=utf-8" />
  <meta name='ocr-system' content='tesseract 3.04.00' />
  <meta name='ocr-capabilities' content='ocr_page ocr_carea ocr_par ocr_line ocrx_word'/>
</head>
<body>
  <div class='ocr_page' id='page_1' title='image "./refutationisomn00hippgoog_0476.png"; bbox 0 0 3052 4984; ppageno 0'>
   <div class='ocr_carea' id='block_1_1' title="bbox 575 345 1275 414">
    <p class='ocr_par' dir='ltr' id='par_1_1' title="bbox 575 345 1275 414">
     <span class='ocr_line' id='line_1_1' title="bbox 575 345 1275 414; baseline 0.001 -2"><span class='ocrx_word' id='word_1_1' title='bbox 575 352 824 414; x_wconf 70' lang='lat' dir='ltr'>Ebciiisdi&#39;iss.</span> <span class='ocrx_word' id='word_1_2' title='bbox 1210 345 1275 414; x_wconf 70' lang='grc'>465</span> 
     </span>
    </p>
   </div>
   <div class='ocr_carea' id='block_1_2' title="bbox 121 515 1320 2096">
    <p class='ocr_par' dir='ltr' id='par_1_2' title="bbox 121 515 1320 2096">
     <span class='ocr_line' id='line_1_2' title="bbox 121 515 1316 606; baseline -0.002 -22"><span class='ocrx_word' id='word_1_3' title='bbox 121 521 206 584; x_wconf 90' lang='lat' dir='ltr'>iibro</span> <span class='ocrx_word' id='word_1_4' title='bbox 236 519 409 584; x_wconf 77' lang='lat' dir='ltr'>obediverit</span> <span class='ocrx_word' id='word_1_5' title='bbox 432 529 463 585; x_wconf 90' lang='lat' dir='ltr'>ct</span> <span class='ocrx_word' id='word_1_6' title='bbox 485 515 666 606; x_wconf 70' lang='lat' dir='ltr'>crediderit,</span> <span class='ocrx_word' id='word_1_7' title='bbox 700 520 806 586; x_wconf 81' lang='lat' dir='ltr'>definit</span> <span class='ocrx_word' id='word_1_8' title='bbox 832 528 866 586; x_wconf 88' lang='grc' dir='ltr'>ιι</span> <span class='ocrx_word' id='word_1_9' title='bbox 896 523 1046 605; x_wconf 88' lang='lat' dir='ltr'>baptismo</span> <span class='ocrx_word' id='word_1_10' title='bbox 1071 523 1198 604; x_wconf 85' lang='lat' dir='ltr'>accipiet</span> <span class='ocrx_word' id='word_1_11' title='bbox 1220 532 1316 584; x_wconf 83' lang='lat' dir='ltr'>re-to</span> 
     </span>
     <span class='ocr_line' id='line_1_3' title="bbox 123 627 1277 712; baseline -0.001 -21"><span class='ocrx_word' id='word_1_12' title='bbox 123 629 304 692; x_wconf 83' lang='lat' dir='ltr'>missionem</span> <span class='ocrx_word' id='word_1_13' title='bbox 326 634 534 710; x_wconf 89' lang='lat' dir='ltr'>peccatorum.</span> <span class='ocrx_word' id='word_1_14' title='bbox 589 628 653 692; x_wconf 92' lang='lat' dir='ltr'>iios</span> <span class='ocrx_word' id='word_1_15' title='bbox 677 635 778 694; x_wconf 89' lang='lat' dir='ltr'>auiam</span> <span class='ocrx_word' id='word_1_16' title='bbox 802 627 892 694; x_wconf 85' lang='lat' dir='ltr'>doios</span> <span class='ocrx_word' id='word_1_17' title='bbox 919 636 1044 693; x_wconf 89' lang='lat' dir='ltr'>nectere</span> <span class='ocrx_word' id='word_1_18' title='bbox 1067 635 1197 694; x_wconf 90' lang='lat' dir='ltr'>conatus</span> <span class='ocrx_word' id='word_1_19' title='bbox 1221 637 1277 712; x_wconf 87' lang='lat' dir='ltr'>est,</span> 
     </span>
     <span class='ocr_line' id='line_1_4' title="bbox 124 733 1279 820; baseline 0.002 -20"><span class='ocrx_word' id='word_1_20' title='bbox 124 737 324 800; x_wconf 80' lang='lat' dir='ltr'>occasionem</span> <span class='ocrx_word' id='word_1_21' title='bbox 348 742 456 798; x_wconf 90' lang='lat' dir='ltr'>nactos</span> <span class='ocrx_word' id='word_1_22' title='bbox 479 753 497 799; x_wconf 89' lang='lat' dir='ltr'>a</span> <span class='ocrx_word' id='word_1_23' title='bbox 519 733 625 800; x_wconf 91' lang='lat' dir='ltr'>scboia</span> <span class='ocrx_word' id='word_1_24' title='bbox 650 742 741 802; x_wconf 87' lang='lat' dir='ltr'>antea</span> <span class='ocrx_word' id='word_1_25' title='bbox 762 735 859 820; x_wconf 91' lang='lat' dir='ltr'>dicta,</span> <span class='ocrx_word' id='word_1_26' title='bbox 891 738 940 800; x_wconf 90' lang='lat' dir='ltr'>cui</span> <span class='ocrx_word' id='word_1_27' title='bbox 963 737 1094 819; x_wconf 89' lang='lat' dir='ltr'>praeiuit</span> <span class='ocrx_word' id='word_1_28' title='bbox 1127 734 1279 802; x_wconf 85' lang='lat' dir='ltr'>Caiiistus.</span> 
     </span>
     <span class='ocr_line' id='line_1_5' title="bbox 124 842 1280 927; baseline 0 -21"><span class='ocrx_word' id='word_1_29' title='bbox 124 843 241 906; x_wconf 88' lang='lat' dir='ltr'>biuitos</span> <span class='ocrx_word' id='word_1_30' title='bbox 264 842 345 907; x_wconf 91' lang='lat' dir='ltr'>enim</span> <span class='ocrx_word' id='word_1_31' title='bbox 377 861 444 906; x_wconf 90' lang='lat' dir='ltr'>cum</span> <span class='ocrx_word' id='word_1_32' title='bbox 469 842 721 906; x_wconf 88' lang='lat' dir='ltr'>animadverterit</span> <span class='ocrx_word' id='word_1_33' title='bbox 749 843 803 908; x_wconf 89' lang='lat' dir='ltr'>tali</span> <span class='ocrx_word' id='word_1_34' title='bbox 832 845 1038 926; x_wconf 83' lang='lat' dir='ltr'>promissione</span> <span class='ocrx_word' id='word_1_35' title='bbox 1068 850 1193 927; x_wconf 85' lang='lat' dir='ltr'>ceptus,</span> <span class='ocrx_word' id='word_1_36' title='bbox 1218 861 1280 925; x_wconf 90' lang='lat' dir='ltr'>op-</span> 
     </span>
     <span class='ocr_line' id='line_1_6' title="bbox 125 949 1280 1036; baseline 0 -22"><span class='ocrx_word' id='word_1_37' title='bbox 125 957 291 1035; x_wconf 90' lang='lat' dir='ltr'>portunum</span> <span class='ocrx_word' id='word_1_38' title='bbox 316 950 481 1014; x_wconf 85' lang='lat' dir='ltr'>arbitratus</span> <span class='ocrx_word' id='word_1_39' title='bbox 505 956 552 1014; x_wconf 86' lang='lat' dir='ltr'>eat</span> <span class='ocrx_word' id='word_1_40' title='bbox 573 969 637 1014; x_wconf 87' lang='lat' dir='ltr'>rem</span> <span class='ocrx_word' id='word_1_41' title='bbox 672 950 810 1036; x_wconf 77' lang='lat' dir='ltr'>aggredi.</span> <span class='ocrx_word' id='word_1_42' title='bbox 865 951 904 1014; x_wconf 87' lang='lat' dir='ltr'>Et</span> <span class='ocrx_word' id='word_1_43' title='bbox 925 968 984 1016; x_wconf 88' lang='lat' dir='ltr'>nos</span> <span class='ocrx_word' id='word_1_44' title='bbox 1006 969 1105 1035; x_wconf 84' lang='lat' dir='ltr'>vero,</span> <span class='ocrx_word' id='word_1_45' title='bbox 1134 949 1185 1033; x_wconf 90' lang='lat' dir='ltr'>qui</span> <span class='ocrx_word' id='word_1_46' title='bbox 1208 950 1280 1014; x_wconf 92' lang='lat' dir='ltr'>buic</span> 
     </span>
     <span class='ocr_line' id='line_1_7' title="bbox 124 1055 1320 1140; baseline 0.003 -16"><span class='ocrx_word' id='word_1_47' title='bbox 124 1060 310 1140; x_wconf 89' lang='lat' dir='ltr'>restitimus,</span> <span class='ocrx_word' id='word_1_48' title='bbox 333 1076 395 1122; x_wconf 91' lang='lat' dir='ltr'>noo</span> <span class='ocrx_word' id='word_1_49' title='bbox 418 1057 545 1122; x_wconf 85' lang='lat' dir='ltr'>sivimus</span> <span class='ocrx_word' id='word_1_50' title='bbox 567 1055 680 1122; x_wconf 91' lang='lat' dir='ltr'>diutius</span> <span class='ocrx_word' id='word_1_51' title='bbox 702 1057 809 1122; x_wconf 86' lang='lat' dir='ltr'>seduci</span> <span class='ocrx_word' id='word_1_52' title='bbox 830 1058 961 1140; x_wconf 88' lang='lat' dir='ltr'>mattos,</span> <span class='ocrx_word' id='word_1_53' title='bbox 995 1077 1062 1122; x_wconf 89' lang='lat' dir='ltr'>cum</span> <span class='ocrx_word' id='word_1_54' title='bbox 1086 1076 1320 1140; x_wconf 86' lang='lat' dir='ltr'>coarguere-&#39;to</span> 
     </span>
     <span class='ocr_line' id='line_1_8' title="bbox 126 1164 1280 1252; baseline -0.003 -21"><span class='ocrx_word' id='word_1_55' title='bbox 126 1186 213 1251; x_wconf 89' lang='lat' dir='ltr'>mus,</span> <span class='ocrx_word' id='word_1_56' title='bbox 237 1185 307 1230; x_wconf 92' lang='lat' dir='ltr'>essc</span> <span class='ocrx_word' id='word_1_57' title='bbox 330 1164 390 1230; x_wconf 93' lang='lat' dir='ltr'>boc</span> <span class='ocrx_word' id='word_1_58' title='bbox 412 1165 536 1252; x_wconf 78' lang='lat' dir='ltr'>spiritus</span> <span class='ocrx_word' id='word_1_59' title='bbox 558 1165 654 1248; x_wconf 87' lang='lat' dir='ltr'>spurii</span> <span class='ocrx_word' id='word_1_60' title='bbox 677 1165 847 1230; x_wconf 86' lang='lat' dir='ltr'>eiiicaciam</span> <span class='ocrx_word' id='word_1_61' title='bbox 878 1173 1145 1248; x_wconf 76' lang='lat' dir='ltr'>commentumque</span> <span class='ocrx_word' id='word_1_62' title='bbox 1177 1165 1280 1230; x_wconf 90' lang='lat' dir='ltr'>cordis</span> 
     </span>
     <span class='ocr_line' id='line_1_9' title="bbox 126 1273 1282 1359; baseline -0.002 -20"><span class='ocrx_word' id='word_1_63' title='bbox 126 1276 244 1359; x_wconf 81' lang='lat' dir='ltr'>iniisti,</span> <span class='ocrx_word' id='word_1_64' title='bbox 267 1277 418 1356; x_wconf 80' lang='lat' dir='ltr'>intumque</span> <span class='ocrx_word' id='word_1_65' title='bbox 441 1276 538 1337; x_wconf 90' lang='lat' dir='ltr'>instar</span> <span class='ocrx_word' id='word_1_66' title='bbox 559 1273 627 1358; x_wconf 51' lang='lat' dir='ltr'>,tupi</span> <span class='ocrx_word' id='word_1_67' title='bbox 662 1274 826 1339; x_wconf 86' lang='lat' dir='ltr'>excitatum</span> <span class='ocrx_word' id='word_1_68' title='bbox 861 1292 932 1338; x_wconf 90' lang='lat' dir='ltr'>esse</span> <span class='ocrx_word' id='word_1_69' title='bbox 956 1273 1104 1338; x_wconf 85' lang='lat' dir='ltr'>adversus</span> <span class='ocrx_word' id='word_1_70' title='bbox 1128 1291 1204 1338; x_wconf 89' lang='lat' dir='ltr'>ores</span> <span class='ocrx_word' id='word_1_71' title='bbox 1227 1291 1282 1337; x_wconf 90' lang='lat' dir='ltr'>er·</span> 
     </span>
     <span class='ocr_line' id='line_1_10' title="bbox 126 1381 1310 1465; baseline -0.003 -17"><span class='ocrx_word' id='word_1_72' title='bbox 126 1391 235 1448; x_wconf 89' lang='lat' dir='ltr'>rantes</span> <span class='ocrx_word' id='word_1_73' title='bbox 256 1383 383 1461; x_wconf 84' lang='lat' dir='ltr'>multas,</span> <span class='ocrx_word' id='word_1_74' title='bbox 408 1400 484 1464; x_wconf 90' lang='lat' dir='ltr'>quas</span> <span class='ocrx_word' id='word_1_75' title='bbox 508 1381 690 1448; x_wconf 88' lang='lat' dir='ltr'>seducendo</span> <span class='ocrx_word' id='word_1_76' title='bbox 719 1382 861 1465; x_wconf 82' lang='lat' dir='ltr'>dispersit</span> <span class='ocrx_word' id='word_1_77' title='bbox 891 1381 1042 1446; x_wconf 83' lang='lat' dir='ltr'>caiiistus.</span> <span class='ocrx_word' id='word_1_78' title='bbox 1100 1381 1161 1446; x_wconf 88' lang='lat' dir='ltr'>Sed</span> <span class='ocrx_word' id='word_1_79' title='bbox 1183 1399 1282 1464; x_wconf 90' lang='lat' dir='ltr'>quo·</span> <span class='ocrx_word' id='word_1_80' title='bbox 1307 1420 1310 1432; x_wconf 90' lang='lat'><em>·</em></span> 
     </span>
     <span class='ocr_line' id='line_1_11' title="bbox 127 1487 1281 1574; baseline -0.002 -20"><span class='ocrx_word' id='word_1_81' title='bbox 127 1492 209 1555; x_wconf 89' lang='lat' dir='ltr'>niam</span> <span class='ocrx_word' id='word_1_82' title='bbox 237 1491 354 1554; x_wconf 90' lang='lat' dir='ltr'>initium</span> <span class='ocrx_word' id='word_1_83' title='bbox 385 1489 528 1574; x_wconf 82' lang='lat' dir='ltr'>fecimus,</span> <span class='ocrx_word' id='word_1_84' title='bbox 565 1505 669 1572; x_wconf 91' lang='lat' dir='ltr'>neque</span> <span class='ocrx_word' id='word_1_85' title='bbox 702 1489 790 1553; x_wconf 89' lang='lat' dir='ltr'>buius</span> <span class='ocrx_word' id='word_1_86' title='bbox 824 1489 934 1570; x_wconf 87' lang='lat' dir='ltr'>piacita</span> <span class='ocrx_word' id='word_1_87' title='bbox 963 1487 1136 1566; x_wconf 81' lang='lat' dir='ltr'>silebimus3</span> <span class='ocrx_word' id='word_1_88' title='bbox 1168 1495 1199 1550; x_wconf 93' lang='lat' dir='ltr'>et</span> <span class='ocrx_word' id='word_1_89' title='bbox 1229 1487 1281 1552; x_wconf 90' lang='lat' dir='ltr'>ubi</span> 
     </span>
     <span class='ocr_line' id='line_1_12' title="bbox 127 1596 1320 1682; baseline -0.003 -20"><span class='ocrx_word' id='word_1_90' title='bbox 127 1599 214 1682; x_wconf 92' lang='lat' dir='ltr'>prius</span> <span class='ocrx_word' id='word_1_91' title='bbox 244 1599 325 1663; x_wconf 87' lang='lat' dir='ltr'>ritae</span> <span class='ocrx_word' id='word_1_92' title='bbox 358 1599 509 1662; x_wconf 87' lang='lat' dir='ltr'>rationem</span> <span class='ocrx_word' id='word_1_93' title='bbox 543 1599 573 1660; x_wconf 91' lang='lat' dir='ltr'>in</span> <span class='ocrx_word' id='word_1_94' title='bbox 613 1596 712 1660; x_wconf 90' lang='lat' dir='ltr'>iucem</span> <span class='ocrx_word' id='word_1_95' title='bbox 740 1596 956 1678; x_wconf 85' lang='lat' dir='ltr'>protulerimus</span> <span class='ocrx_word' id='word_1_96' title='bbox 993 1596 1320 1679; x_wconf 82' lang='lat' dir='ltr'>ostenderimusqucrt</span> 
     </span>
     <span class='ocr_line' id='line_1_13' title="bbox 128 1704 1281 1790; baseline -0.002 -22"><span class='ocrx_word' id='word_1_97' title='bbox 128 1706 263 1770; x_wconf 91' lang='lat' dir='ltr'>studium</span> <span class='ocrx_word' id='word_1_98' title='bbox 286 1707 422 1790; x_wconf 87' lang='lat' dir='ltr'>pietatis,</span> <span class='ocrx_word' id='word_1_99' title='bbox 450 1705 533 1788; x_wconf 91' lang='lat' dir='ltr'>quod</span> <span class='ocrx_word' id='word_1_100' title='bbox 566 1711 707 1789; x_wconf 86' lang='lat' dir='ltr'>putatur,</span> <span class='ocrx_word' id='word_1_101' title='bbox 736 1722 806 1768; x_wconf 88' lang='lat' dir='ltr'>ease</span> <span class='ocrx_word' id='word_1_102' title='bbox 833 1704 1022 1787; x_wconf 86' lang='lat' dir='ltr'>simulatum,</span> <span class='ocrx_word' id='word_1_103' title='bbox 1055 1721 1161 1767; x_wconf 89' lang='lat' dir='ltr'>rursus</span> <span class='ocrx_word' id='word_1_104' title='bbox 1191 1704 1281 1768; x_wconf 89' lang='lat' dir='ltr'>etiam</span> 
     </span>
     <span class='ocr_line' id='line_1_14' title="bbox 129 1787 1298 1896; baseline -0.002 -20"><span class='ocrx_word' id='word_1_105' title='bbox 129 1813 280 1877; x_wconf 89' lang='lat' dir='ltr'>dictorum</span> <span class='ocrx_word' id='word_1_106' title='bbox 304 1813 370 1878; x_wconf 89' lang='lat' dir='ltr'>eius</span> <span class='ocrx_word' id='word_1_107' title='bbox 391 1787 557 1896; x_wconf 79' lang='lat' dir='ltr'>praecipuit</span> <span class='ocrx_word' id='word_1_108' title='bbox 580 1813 680 1894; x_wconf 90' lang='lat' dir='ltr'>capita</span> <span class='ocrx_word' id='word_1_109' title='bbox 702 1812 784 1876; x_wconf 89' lang='lat' dir='ltr'>iuxta</span> <span class='ocrx_word' id='word_1_110' title='bbox 807 1828 934 1896; x_wconf 90' lang='lat' dir='ltr'>ponam,</span> <span class='ocrx_word' id='word_1_111' title='bbox 963 1819 995 1875; x_wconf 92' lang='lat' dir='ltr'>ut</span> <span class='ocrx_word' id='word_1_112' title='bbox 1017 1811 1047 1874; x_wconf 92' lang='lat' dir='ltr'>in</span> <span class='ocrx_word' id='word_1_113' title='bbox 1072 1814 1137 1876; x_wconf 88' lang='lat' dir='ltr'>eius</span> <span class='ocrx_word' id='word_1_114' title='bbox 1160 1809 1298 1895; x_wconf 81' lang='lat' dir='ltr'>scriptis</span> 
     </span>
     <span class='ocr_line' id='line_1_15' title="bbox 130 1919 1282 2006; baseline -0.003 -20"><span class='ocrx_word' id='word_1_115' title='bbox 130 1922 229 1986; x_wconf 89' lang='lat' dir='ltr'>tector</span> <span class='ocrx_word' id='word_1_116' title='bbox 252 1921 349 1986; x_wconf 90' lang='lat' dir='ltr'>ocutis</span> <span class='ocrx_word' id='word_1_117' title='bbox 374 1921 481 1986; x_wconf 80' lang='lat' dir='ltr'>defixis</span> <span class='ocrx_word' id='word_1_118' title='bbox 504 1927 686 2006; x_wconf 89' lang='lat' dir='ltr'>cognoscat,</span> <span class='ocrx_word' id='word_1_119' title='bbox 709 1937 791 2003; x_wconf 85' lang='lat' dir='ltr'>quae</span> <span class='ocrx_word' id='word_1_120' title='bbox 821 1928 852 1984; x_wconf 91' lang='lat' dir='ltr'>et</span> <span class='ocrx_word' id='word_1_121' title='bbox 884 1919 982 2002; x_wconf 89' lang='lat' dir='ltr'>quatis</span> <span class='ocrx_word' id='word_1_122' title='bbox 1008 1920 1048 1984; x_wconf 89' lang='lat' dir='ltr'>sit</span> <span class='ocrx_word' id='word_1_123' title='bbox 1076 1919 1216 1985; x_wconf 84' lang='lat' dir='ltr'>haeresis</span> <span class='ocrx_word' id='word_1_124' title='bbox 1244 1920 1282 1983; x_wconf 92' lang='lat' dir='ltr'>ab</span> 
     </span>
     <span class='ocr_line' id='line_1_16' title="bbox 129 2028 338 2096; baseline 0.019 -4"><span class='ocrx_word' id='word_1_125' title='bbox 129 2028 192 2093; x_wconf 91' lang='lat' dir='ltr'>boc</span> <span class='ocrx_word' id='word_1_126' title='bbox 213 2035 338 2096; x_wconf 85' lang='lat' dir='ltr'>tentata.</span> 
     </span>
    </p>
   </div>
   <div class='ocr_carea' id='block_1_3' title="bbox 218 2168 1418 2255">
    <p class='ocr_par' dir='ltr' id='par_1_3' title="bbox 218 2168 1418 2255">
     <span class='ocr_line' id='line_1_17' title="bbox 218 2168 1418 2255; baseline -0.001 -19"><span class='ocrx_word' id='word_1_127' title='bbox 218 2169 267 2236; x_wconf 82' lang='lat' dir='ltr'>ii.</span> <span class='ocrx_word' id='word_1_128' title='bbox 313 2172 369 2236; x_wconf 89' lang='lat' dir='ltr'>iiic</span> <span class='ocrx_word' id='word_1_129' title='bbox 398 2169 478 2255; x_wconf 89' lang='lat' dir='ltr'>tegis</span> <span class='ocrx_word' id='word_1_130' title='bbox 512 2168 702 2252; x_wconf 91' lang='lat' dir='ltr'>disciplinam</span> <span class='ocrx_word' id='word_1_131' title='bbox 736 2169 911 2251; x_wconf 78' lang='lat' dir='ltr'>praetendit</span> <span class='ocrx_word' id='word_1_132' title='bbox 946 2169 1143 2233; x_wconf 77' lang='lat' dir='ltr'>blandimenti</span> <span class='ocrx_word' id='word_1_133' title='bbox 1172 2171 1321 2255; x_wconf 64' lang='lat' dir='ltr'>gratiam</span> <span class='ocrx_word' id='word_1_134' title='bbox 1413 2169 1418 2178; x_wconf 80' lang='grc'><strong><em>’</em></strong></span> 
     </span>
    </p>
   </div>
   <div class='ocr_carea' id='block_1_4' title="bbox 130 2275 1322 4184">
    <p class='ocr_par' dir='ltr' id='par_1_4' title="bbox 130 2275 1322 4184">
     <span class='ocr_line' id='line_1_18' title="bbox 131 2275 1283 2366; baseline -0.001 -24"><span class='ocrx_word' id='word_1_135' title='bbox 131 2278 272 2343; x_wconf 88' lang='lat' dir='ltr'>dictitans</span> <span class='ocrx_word' id='word_1_136' title='bbox 294 2287 440 2362; x_wconf 87' lang='lat' dir='ltr'>oportere</span> <span class='ocrx_word' id='word_1_137' title='bbox 465 2277 642 2341; x_wconf 89' lang='lat' dir='ltr'>circumcidi</span> <span class='ocrx_word' id='word_1_138' title='bbox 674 2285 704 2340; x_wconf 89' lang='lat' dir='ltr'>et</span> <span class='ocrx_word' id='word_1_139' title='bbox 734 2275 796 2361; x_wconf 89' lang='lat' dir='ltr'>iegi</span> <span class='ocrx_word' id='word_1_140' title='bbox 827 2278 1052 2340; x_wconf 88' lang='lat' dir='ltr'>convenienter</span> <span class='ocrx_word' id='word_1_141' title='bbox 1081 2279 1189 2341; x_wconf 79' lang='lat' dir='ltr'>uivere</span> <span class='ocrx_word' id='word_1_142' title='bbox 1217 2295 1283 2366; x_wconf 90' lang='lat' dir='ltr'>eos,</span> 
     </span>
     <span class='ocr_line' id='line_1_19' title="bbox 130 2382 1283 2469; baseline -0.002 -19"><span class='ocrx_word' id='word_1_143' title='bbox 130 2389 182 2468; x_wconf 92' lang='lat' dir='ltr'>qui</span> <span class='ocrx_word' id='word_1_144' title='bbox 205 2385 409 2469; x_wconf 89' lang='lat' dir='ltr'>crediderint,</span> <span class='ocrx_word' id='word_1_145' title='bbox 439 2385 578 2450; x_wconf 87' lang='lat' dir='ltr'>arcticos</span> <span class='ocrx_word' id='word_1_146' title='bbox 608 2382 754 2447; x_wconf 91' lang='lat' dir='ltr'>nonnoiia</span> <span class='ocrx_word' id='word_1_147' title='bbox 783 2399 823 2446; x_wconf 85' lang='lat' dir='ltr'>ex</span> <span class='ocrx_word' id='word_1_148' title='bbox 851 2383 1033 2448; x_wconf 85' lang='lat' dir='ltr'>haeresibus</span> <span class='ocrx_word' id='word_1_149' title='bbox 1062 2401 1154 2467; x_wconf 84' lang='lat' dir='ltr'>supra</span> <span class='ocrx_word' id='word_1_150' title='bbox 1184 2384 1283 2449; x_wconf 88' lang='lat' dir='ltr'>dictis.</span> 
     </span>
     <span class='ocr_line' id='line_1_20' title="bbox 131 2489 1282 2573; baseline -0.003 -16"><span class='ocrx_word' id='word_1_151' title='bbox 131 2492 282 2557; x_wconf 81' lang='lat' dir='ltr'>Christum</span> <span class='ocrx_word' id='word_1_152' title='bbox 306 2510 381 2557; x_wconf 85' lang='lat' dir='ltr'>aero</span> <span class='ocrx_word' id='word_1_153' title='bbox 405 2493 446 2556; x_wconf 87' lang='lat' dir='ltr'>ait</span> <span class='ocrx_word' id='word_1_154' title='bbox 468 2491 623 2555; x_wconf 89' lang='lat' dir='ltr'>bominem</span> <span class='ocrx_word' id='word_1_155' title='bbox 649 2489 758 2554; x_wconf 89' lang='lat' dir='ltr'>eodem</span> <span class='ocrx_word' id='word_1_156' title='bbox 782 2490 877 2553; x_wconf 93' lang='lat' dir='ltr'>modo</span> <span class='ocrx_word' id='word_1_157' title='bbox 901 2509 963 2573; x_wconf 92' lang='lat' dir='ltr'>quo</span> <span class='ocrx_word' id='word_1_158' title='bbox 993 2491 1156 2555; x_wconf 86' lang='lat' dir='ltr'>universos</span> <span class='ocrx_word' id='word_1_159' title='bbox 1177 2490 1282 2555; x_wconf 92' lang='lat' dir='ltr'>bomi-</span> 
     </span>
     <span class='ocr_line' id='line_1_21' title="bbox 130 2597 1282 2683; baseline 0.001 -20"><span class='ocrx_word' id='word_1_160' title='bbox 130 2618 187 2663; x_wconf 91' lang='lat' dir='ltr'>nes</span> <span class='ocrx_word' id='word_1_161' title='bbox 210 2601 321 2664; x_wconf 87' lang='lat' dir='ltr'>iactum</span> <span class='ocrx_word' id='word_1_162' title='bbox 344 2617 430 2683; x_wconf 86' lang='lat' dir='ltr'>esse,</span> <span class='ocrx_word' id='word_1_163' title='bbox 459 2597 540 2662; x_wconf 91' lang='lat' dir='ltr'>bunc</span> <span class='ocrx_word' id='word_1_164' title='bbox 564 2607 663 2662; x_wconf 87' lang='lat' dir='ltr'>autem</span> <span class='ocrx_word' id='word_1_165' title='bbox 693 2615 755 2661; x_wconf 92' lang='lat' dir='ltr'>non</span> <span class='ocrx_word' id='word_1_166' title='bbox 785 2615 867 2662; x_wconf 91' lang='lat' dir='ltr'>nunc</span> <span class='ocrx_word' id='word_1_167' title='bbox 895 2598 994 2680; x_wconf 88' lang='lat' dir='ltr'>primo</span> <span class='ocrx_word' id='word_1_168' title='bbox 1018 2617 1037 2662; x_wconf 87' lang='lat' dir='ltr'>e</span> <span class='ocrx_word' id='word_1_169' title='bbox 1061 2599 1181 2680; x_wconf 86' lang='lat' dir='ltr'>virgine</span> <span class='ocrx_word' id='word_1_170' title='bbox 1211 2615 1282 2664; x_wconf 87' lang='lat' dir='ltr'>esse</span> 
     </span>
     <span class='ocr_line' id='line_1_22' title="bbox 130 2703 1321 2792; baseline 0.005 -22"><span class='ocrx_word' id='word_1_171' title='bbox 130 2706 249 2792; x_wconf 82' lang='lat' dir='ltr'>natum&#39;,</span> <span class='ocrx_word' id='word_1_172' title='bbox 270 2706 326 2772; x_wconf 87' lang='lat' dir='ltr'>sed</span> <span class='ocrx_word' id='word_1_173' title='bbox 351 2709 440 2770; x_wconf 88' lang='lat' dir='ltr'>etiam</span> <span class='ocrx_word' id='word_1_174' title='bbox 462 2707 561 2789; x_wconf 83' lang='lat' dir='ltr'>prius,</span> <span class='ocrx_word' id='word_1_175' title='bbox 594 2711 624 2768; x_wconf 90' lang='lat' dir='ltr'>et</span> <span class='ocrx_word' id='word_1_176' title='bbox 644 2723 751 2770; x_wconf 86' lang='lat' dir='ltr'>rursus</span> <span class='ocrx_word' id='word_1_177' title='bbox 782 2703 897 2788; x_wconf 89' lang='lat' dir='ltr'>pluries</span> <span class='ocrx_word' id='word_1_178' title='bbox 928 2715 1029 2770; x_wconf 92' lang='lat' dir='ltr'>natum</span> <span class='ocrx_word' id='word_1_179' title='bbox 1053 2724 1122 2770; x_wconf 91' lang='lat' dir='ltr'>eum</span> <span class='ocrx_word' id='word_1_180' title='bbox 1151 2711 1182 2770; x_wconf 92' lang='lat' dir='ltr'>et</span> <span class='ocrx_word' id='word_1_181' title='bbox 1204 2723 1321 2776; x_wconf 86' lang='lat' dir='ltr'>nas-et</span> 
     </span>
     <span class='ocr_line' id='line_1_23' title="bbox 131 2813 1282 2896; baseline 0.001 -19"><span class='ocrx_word' id='word_1_182' title='bbox 131 2821 251 2878; x_wconf 90' lang='lat' dir='ltr'>centem</span> <span class='ocrx_word' id='word_1_183' title='bbox 285 2814 465 2896; x_wconf 88' lang='lat' dir='ltr'>apparuisse</span> <span class='ocrx_word' id='word_1_184' title='bbox 494 2817 525 2877; x_wconf 91' lang='lat' dir='ltr'>ei</span> <span class='ocrx_word' id='word_1_185' title='bbox 557 2813 710 2890; x_wconf 81' lang='lat' dir='ltr'>existere,</span> <span class='ocrx_word' id='word_1_186' title='bbox 742 2818 979 2877; x_wconf 88' lang='lat' dir='ltr'>commutantem</span> <span class='ocrx_word' id='word_1_187' title='bbox 1009 2815 1168 2896; x_wconf 85' lang='lat' dir='ltr'>genituras</span> <span class='ocrx_word' id='word_1_188' title='bbox 1199 2821 1231 2878; x_wconf 90' lang='lat' dir='ltr'>et</span> <span class='ocrx_word' id='word_1_189' title='bbox 1251 2815 1282 2878; x_wconf 89' lang='lat' dir='ltr'>in</span> 
     </span>
     <span class='ocr_line' id='line_1_24' title="bbox 131 2907 1282 3006; baseline 0.002 -21"><span class='ocrx_word' id='word_1_190' title='bbox 131 2921 188 2986; x_wconf 88' lang='lat' dir='ltr'>aiia</span> <span class='ocrx_word' id='word_1_191' title='bbox 223 2939 355 3005; x_wconf 88' lang='lat' dir='ltr'>corpora</span> <span class='ocrx_word' id='word_1_192' title='bbox 383 2907 586 3004; x_wconf 77' lang='lat' dir='ltr'>migrantem,</span> <span class='ocrx_word' id='word_1_193' title='bbox 615 2918 807 3004; x_wconf 78' lang='lat' dir='ltr'>Pythagoreo</span> <span class='ocrx_word' id='word_1_194' title='bbox 838 2919 891 2984; x_wconf 90' lang='lat' dir='ltr'>iiio</span> <span class='ocrx_word' id='word_1_195' title='bbox 925 2919 1070 3006; x_wconf 88' lang='lat' dir='ltr'>dogmata</span> <span class='ocrx_word' id='word_1_196' title='bbox 1101 2939 1186 2986; x_wconf 87' lang='lat' dir='ltr'>usus.</span> <span class='ocrx_word' id='word_1_197' title='bbox 1237 2921 1282 2987; x_wconf 82' lang='lat' dir='ltr'>Ec</span> 
     </span>
     <span class='ocr_line' id='line_1_25' title="bbox 131 3024 1281 3129; baseline 0.003 -39"><span class='ocrx_word' id='word_1_198' title='bbox 131 3033 231 3090; x_wconf 91' lang='lat' dir='ltr'>autem</span> <span class='ocrx_word' id='word_1_199' title='bbox 254 3027 417 3110; x_wconf 88' lang='lat' dir='ltr'>superbiae</span> <span class='ocrx_word' id='word_1_200' title='bbox 441 3031 612 3110; x_wconf 84' lang='lat' dir='ltr'>venerunt,</span> <span class='ocrx_word' id='word_1_201' title='bbox 640 3034 672 3089; x_wconf 89' lang='lat' dir='ltr'>ut</span> <span class='ocrx_word' id='word_1_202' title='bbox 703 3034 733 3090; x_wconf 91' lang='lat' dir='ltr'>et</span> <span class='ocrx_word' id='word_1_203' title='bbox 762 3024 853 3091; x_wconf 83' lang='lat' dir='ltr'>futuri</span> <span class='ocrx_word' id='word_1_204' title='bbox 881 3031 1040 3110; x_wconf 83' lang='lat' dir='ltr'>praescios</span> <span class='ocrx_word' id='word_1_205' title='bbox 1070 3045 1141 3094; x_wconf 85' lang='lat' dir='ltr'>sese</span> <span class='ocrx_word' id='word_1_206' title='bbox 1170 3027 1281 3129; x_wconf 72' lang='lat' dir='ltr'>dicant,</span> 
     </span>
     <span class='ocr_line' id='line_1_26' title="bbox 130 3133 1282 3220; baseline 0.002 -22"><span class='ocrx_word' id='word_1_207' title='bbox 130 3133 246 3198; x_wconf 89' lang='lat' dir='ltr'>sciiicet</span> <span class='ocrx_word' id='word_1_208' title='bbox 281 3133 413 3198; x_wconf 86' lang='lat' dir='ltr'>moduiia</span> <span class='ocrx_word' id='word_1_209' title='bbox 451 3135 649 3216; x_wconf 85' lang='lat' dir='ltr'>numerisque</span> <span class='ocrx_word' id='word_1_210' title='bbox 690 3135 763 3198; x_wconf 89' lang='lat' dir='ltr'>artis</span> <span class='ocrx_word' id='word_1_211' title='bbox 802 3134 896 3198; x_wconf 92' lang='lat' dir='ltr'>modo</span> <span class='ocrx_word' id='word_1_212' title='bbox 933 3136 1033 3200; x_wconf 85' lang='lat' dir='ltr'>dictae</span> <span class='ocrx_word' id='word_1_213' title='bbox 1069 3134 1282 3220; x_wconf 79' lang='lat' dir='ltr'>Pythagoreae</span> 
     </span>
     <span class='ocr_line' id='line_1_27' title="bbox 130 3240 1322 3328; baseline 0.001 -24"><span class='ocrx_word' id='word_1_214' title='bbox 130 3251 284 3324; x_wconf 90' lang='lat' dir='ltr'>tamquam</span> <span class='ocrx_word' id='word_1_215' title='bbox 307 3240 507 3306; x_wconf 79' lang='lat' dir='ltr'>fundamento</span> <span class='ocrx_word' id='word_1_216' title='bbox 530 3241 587 3305; x_wconf 90' lang='lat' dir='ltr'>usi.</span> <span class='ocrx_word' id='word_1_217' title='bbox 641 3241 677 3304; x_wconf 89' lang='lat' dir='ltr'>iii</span> <span class='ocrx_word' id='word_1_218' title='bbox 701 3243 791 3305; x_wconf 87' lang='lat' dir='ltr'>etiam</span> <span class='ocrx_word' id='word_1_219' title='bbox 815 3241 1033 3308; x_wconf 85' lang='lat' dir='ltr'>mathematicis</span> <span class='ocrx_word' id='word_1_220' title='bbox 1057 3249 1088 3308; x_wconf 89' lang='lat' dir='ltr'>ot</span> <span class='ocrx_word' id='word_1_221' title='bbox 1111 3243 1322 3328; x_wconf 74' lang='lat' dir='ltr'>astrciogi-oa</span> 
     </span>
     <span class='ocr_line' id='line_1_28' title="bbox 131 3346 1281 3436; baseline 0.002 -24"><span class='ocrx_word' id='word_1_222' title='bbox 131 3351 175 3414; x_wconf 87' lang='lat' dir='ltr'>cis</span> <span class='ocrx_word' id='word_1_223' title='bbox 198 3358 230 3415; x_wconf 85' lang='lat' dir='ltr'>et</span> <span class='ocrx_word' id='word_1_224' title='bbox 252 3349 382 3432; x_wconf 85' lang='lat' dir='ltr'>magicis</span> <span class='ocrx_word' id='word_1_225' title='bbox 407 3365 478 3412; x_wconf 87' lang='lat' dir='ltr'>sese</span> <span class='ocrx_word' id='word_1_226' title='bbox 509 3346 661 3430; x_wconf 89' lang='lat' dir='ltr'>applicant</span> <span class='ocrx_word' id='word_1_227' title='bbox 688 3347 773 3412; x_wconf 80' lang='lat' dir='ltr'>reiut</span> <span class='ocrx_word' id='word_1_228' title='bbox 803 3351 915 3436; x_wconf 90' lang='lat' dir='ltr'>certis,</span> <span class='ocrx_word' id='word_1_229' title='bbox 948 3351 1057 3434; x_wconf 90' lang='lat' dir='ltr'>quibus</span> <span class='ocrx_word' id='word_1_230' title='bbox 1086 3351 1133 3415; x_wconf 90' lang='lat' dir='ltr'>usi</span> <span class='ocrx_word' id='word_1_231' title='bbox 1162 3352 1281 3433; x_wconf 90' lang='lat' dir='ltr'>impru-</span> 
     </span>
     <span class='ocr_line' id='line_1_29' title="bbox 131 3453 1283 3540; baseline -0.001 -20"><span class='ocrx_word' id='word_1_232' title='bbox 131 3458 240 3522; x_wconf 87' lang='lat' dir='ltr'>dentes</span> <span class='ocrx_word' id='word_1_233' title='bbox 262 3456 459 3540; x_wconf 89' lang='lat' dir='ltr'>perturbant,</span> <span class='ocrx_word' id='word_1_234' title='bbox 482 3461 516 3518; x_wconf 91' lang='lat' dir='ltr'>ut</span> <span class='ocrx_word' id='word_1_235' title='bbox 538 3455 622 3537; x_wconf 90' lang='lat' dir='ltr'>ipsos</span> <span class='ocrx_word' id='word_1_236' title='bbox 644 3453 731 3518; x_wconf 88' lang='lat' dir='ltr'>verbi</span> <span class='ocrx_word' id='word_1_237' title='bbox 753 3459 888 3537; x_wconf 89' lang='lat' dir='ltr'>potentis</span> <span class='ocrx_word' id='word_1_238' title='bbox 918 3468 1078 3540; x_wconf 92' lang='lat' dir='ltr'>compotes</span> <span class='ocrx_word' id='word_1_239' title='bbox 1103 3477 1174 3522; x_wconf 91' lang='lat' dir='ltr'>esse</span> <span class='ocrx_word' id='word_1_240' title='bbox 1199 3455 1283 3521; x_wconf 90' lang='lat' dir='ltr'>arbi-</span> 
     </span>
     <span class='ocr_line' id='line_1_30' title="bbox 130 3561 1282 3650; baseline 0.002 -24"><span class='ocrx_word' id='word_1_241' title='bbox 130 3571 266 3644; x_wconf 83' lang='lat' dir='ltr'>trentur3</span> <span class='ocrx_word' id='word_1_242' title='bbox 290 3563 576 3644; x_wconf 84' lang='lat' dir='ltr'>incantationesque</span> <span class='ocrx_word' id='word_1_243' title='bbox 607 3568 638 3624; x_wconf 90' lang='lat' dir='ltr'>et</span> <span class='ocrx_word' id='word_1_244' title='bbox 665 3561 808 3645; x_wconf 85' lang='lat' dir='ltr'>epilogos</span> <span class='ocrx_word' id='word_1_245' title='bbox 839 3562 988 3646; x_wconf 89' lang='lat' dir='ltr'>quosdam</span> <span class='ocrx_word' id='word_1_246' title='bbox 1016 3566 1131 3630; x_wconf 85' lang='lat' dir='ltr'>docent</span> <span class='ocrx_word' id='word_1_247' title='bbox 1154 3566 1191 3628; x_wconf 92' lang='lat' dir='ltr'>ad</span> <span class='ocrx_word' id='word_1_248' title='bbox 1217 3583 1282 3650; x_wconf 90' lang='lat' dir='ltr'>eos,</span> 
     </span>
     <span class='ocr_line' id='line_1_31' title="bbox 130 3669 1283 3756; baseline 0 -22"><span class='ocrx_word' id='word_1_249' title='bbox 130 3671 179 3752; x_wconf 93' lang='lat' dir='ltr'>qui</span> <span class='ocrx_word' id='word_1_250' title='bbox 202 3689 219 3733; x_wconf 93' lang='lat' dir='ltr'>a</span> <span class='ocrx_word' id='word_1_251' title='bbox 243 3671 369 3734; x_wconf 88' lang='lat' dir='ltr'>canibus</span> <span class='ocrx_word' id='word_1_252' title='bbox 392 3671 487 3734; x_wconf 88' lang='lat' dir='ltr'>morsi</span> <span class='ocrx_word' id='word_1_253' title='bbox 509 3675 599 3755; x_wconf 90' lang='lat' dir='ltr'>sunt,</span> <span class='ocrx_word' id='word_1_254' title='bbox 631 3675 662 3733; x_wconf 91' lang='lat' dir='ltr'>et</span> <span class='ocrx_word' id='word_1_255' title='bbox 691 3669 730 3732; x_wconf 88' lang='lat' dir='ltr'>ad</span> <span class='ocrx_word' id='word_1_256' title='bbox 754 3669 972 3734; x_wconf 87' lang='lat' dir='ltr'>daemoniacos</span> <span class='ocrx_word' id='word_1_257' title='bbox 1007 3672 1136 3756; x_wconf 85' lang='lat' dir='ltr'>aliisquo</span> <span class='ocrx_word' id='word_1_258' title='bbox 1168 3672 1283 3736; x_wconf 92' lang='lat' dir='ltr'>morbis</span> 
     </span>
     <span class='ocr_line' id='line_1_32' title="bbox 131 3774 1321 3862; baseline 0.003 -22"><span class='ocrx_word' id='word_1_259' title='bbox 131 3777 339 3862; x_wconf 84' lang='lat' dir='ltr'>conflictatos,</span> <span class='ocrx_word' id='word_1_260' title='bbox 377 3795 506 3860; x_wconf 89' lang='lat' dir='ltr'>quorum</span> <span class='ocrx_word' id='word_1_261' title='bbox 543 3793 583 3839; x_wconf 93' lang='lat' dir='ltr'>ne</span> <span class='ocrx_word' id='word_1_262' title='bbox 616 3774 695 3838; x_wconf 90' lang='lat' dir='ltr'>baec</span> <span class='ocrx_word' id='word_1_263' title='bbox 734 3775 857 3857; x_wconf 91' lang='lat' dir='ltr'>quidem</span> <span class='ocrx_word' id='word_1_264' title='bbox 897 3774 1064 3844; x_wconf 85' lang='lat' dir='ltr'>sitebimus.</span> <span class='ocrx_word' id='word_1_265' title='bbox 1117 3778 1321 3860; x_wconf 83' lang='lat' dir='ltr'>Postquamot</span> 
     </span>
     <span class='ocr_line' id='line_1_33' title="bbox 130 3884 1281 3968; baseline 0.001 -22"><span class='ocrx_word' id='word_1_266' title='bbox 130 3885 220 3967; x_wconf 88' lang='lat' dir='ltr'>igitur</span> <span class='ocrx_word' id='word_1_267' title='bbox 242 3885 317 3949; x_wconf 89' lang='lat' dir='ltr'>satis</span> <span class='ocrx_word' id='word_1_268' title='bbox 333 3885 471 3968; x_wconf 86' lang='lat' dir='ltr'>origines</span> <span class='ocrx_word' id='word_1_269' title='bbox 495 3901 601 3948; x_wconf 89' lang='lat' dir='ltr'>eorum</span> <span class='ocrx_word' id='word_1_270' title='bbox 625 3884 755 3967; x_wconf 87' lang='lat' dir='ltr'>exposui</span> <span class='ocrx_word' id='word_1_271' title='bbox 779 3901 951 3966; x_wconf 90' lang='lat' dir='ltr'>causasque</span> <span class='ocrx_word' id='word_1_272' title='bbox 975 3893 1151 3960; x_wconf 83' lang='lat' dir='ltr'>conatuum,</span> <span class='ocrx_word' id='word_1_273' title='bbox 1176 3892 1281 3948; x_wconf 91' lang='lat' dir='ltr'>trans-</span> 
     </span>
     <span class='ocr_line' id='line_1_34' title="bbox 131 3991 1281 4079; baseline -0.001 -25"><span class='ocrx_word' id='word_1_274' title='bbox 131 4009 194 4056; x_wconf 89' lang='lat' dir='ltr'>eam</span> <span class='ocrx_word' id='word_1_275' title='bbox 227 3992 326 4057; x_wconf 90' lang='lat' dir='ltr'>adbuc</span> <span class='ocrx_word' id='word_1_276' title='bbox 357 3997 554 4055; x_wconf 85' lang='lat' dir='ltr'>enarraiurus</span> <span class='ocrx_word' id='word_1_277' title='bbox 577 3991 709 4073; x_wconf 89' lang='lat' dir='ltr'>scripta,</span> <span class='ocrx_word' id='word_1_278' title='bbox 739 4010 795 4073; x_wconf 89' lang='lat' dir='ltr'>per</span> <span class='ocrx_word' id='word_1_279' title='bbox 824 4009 904 4075; x_wconf 85' lang='lat' dir='ltr'>quee</span> <span class='ocrx_word' id='word_1_280' title='bbox 928 4001 1120 4079; x_wconf 88' lang='lat' dir='ltr'>cognoscent</span> <span class='ocrx_word' id='word_1_281' title='bbox 1143 3991 1281 4056; x_wconf 85' lang='lat' dir='ltr'>iactares</span> 
     </span>
     <span class='ocr_line' id='line_1_35' title="bbox 131 4098 856 4184; baseline 0.003 -22"><span class='ocrx_word' id='word_1_282' title='bbox 131 4107 160 4162; x_wconf 91' lang='lat' dir='ltr'>et</span> <span class='ocrx_word' id='word_1_283' title='bbox 181 4115 281 4184; x_wconf 86' lang='lat' dir='ltr'>nugas</span> <span class='ocrx_word' id='word_1_284' title='bbox 304 4099 368 4162; x_wconf 90' lang='lat' dir='ltr'>iiias</span> <span class='ocrx_word' id='word_1_285' title='bbox 391 4107 423 4164; x_wconf 91' lang='lat' dir='ltr'>et</span> <span class='ocrx_word' id='word_1_286' title='bbox 444 4101 534 4181; x_wconf 87' lang='lat' dir='ltr'>impia</span> <span class='ocrx_word' id='word_1_287' title='bbox 559 4116 666 4162; x_wconf 90' lang='lat' dir='ltr'>eorum</span> <span class='ocrx_word' id='word_1_288' title='bbox 691 4098 856 4164; x_wconf 89' lang='lat' dir='ltr'>moiimina.</span> 
     </span>
    </p>
   </div>
   <div class='ocr_carea' id='block_1_5' title="bbox 130 4329 1280 4604">
    <p class='ocr_par' dir='ltr' id='par_1_5' title="bbox 130 4329 1280 4604">
     <span class='ocr_line' id='line_1_36' title="bbox 130 4329 1280 4417; baseline -0.008 -19"><span class='ocrx_word' id='word_1_289' title='bbox 130 4343 255 4414; x_wconf 71' lang='grc' dir='ltr'><strong>ὠιλονόπ]</strong></span> <span class='ocrx_word' id='word_1_290' title='bbox 275 4337 394 4409; x_wconf 67' lang='grc' dir='ltr'><strong><em>δῆλονῦ</em></strong></span> <span class='ocrx_word' id='word_1_291' title='bbox 546 4340 589 4393; x_wconf 78' lang='grc'>90.</span> <span class='ocrx_word' id='word_1_292' title='bbox 610 4337 761 4417; x_wconf 70' lang='grc' dir='ltr'><strong>ἀφορμαῖς]</strong></span> <span class='ocrx_word' id='word_1_293' title='bbox 782 4340 911 4412; x_wconf 67' lang='lat' dir='ltr'>dqopprric</span> <span class='ocrx_word' id='word_1_294' title='bbox 928 4354 960 4409; x_wconf 83' lang='lat' dir='ltr'>pr</span> <span class='ocrx_word' id='word_1_295' title='bbox 979 4333 1017 4390; x_wconf 72' lang='lat' dir='ltr'>Cr</span> <span class='ocrx_word' id='word_1_296' title='bbox 1038 4332 1169 4409; x_wconf 64' lang='grc' dir='ltr'>ἀφορμὰς</span> <span class='ocrx_word' id='word_1_297' title='bbox 1184 4329 1280 4390; x_wconf 83' lang='lat' dir='ltr'>corrC</span> 
     </span>
     <span class='ocr_line' id='line_1_37' title="bbox 130 4423 1278 4510; baseline -0.009 -18"><span class='ocrx_word' id='word_1_298' title='bbox 130 4437 173 4493; x_wconf 79' lang='lat'>93.</span> <span class='ocrx_word' id='word_1_299' title='bbox 194 4430 320 4510; x_wconf 72' lang='grc' dir='ltr'><strong>νομιζειν]</strong></span> <span class='ocrx_word' id='word_1_300' title='bbox 339 4432 384 4487; x_wconf 75' lang='lat' dir='ltr'>An</span> <span class='ocrx_word' id='word_1_301' title='bbox 403 4430 440 4494; x_wconf 70' lang='lat' dir='ltr'>nis</span> <span class='ocrx_word' id='word_1_302' title='bbox 457 4433 593 4506; x_wconf 73' lang='grc' dir='ltr'><strong>νομίζειν,</strong></span> <span class='ocrx_word' id='word_1_303' title='bbox 612 4439 643 4486; x_wconf 86' lang='lat' dir='ltr'>ttt</span> <span class='ocrx_word' id='word_1_304' title='bbox 661 4431 714 4485; x_wconf 84' lang='lat' dir='ltr'>iam</span> <span class='ocrx_word' id='word_1_305' title='bbox 734 4429 762 4486; x_wconf 83' lang='lat' dir='ltr'>M</span> <span class='ocrx_word' id='word_1_306' title='bbox 783 4423 923 4484; x_wconf 77' lang='lat' dir='ltr'>coniecit?</span> <span class='ocrx_word' id='word_1_307' title='bbox 1072 4427 1117 4481; x_wconf 82' lang='lat' dir='ltr'>itt.</span> <span class='ocrx_word' id='word_1_308' title='bbox 1146 4427 1278 4500; x_wconf 71' lang='lat' dir='ltr'>dardum-</span> 
     </span>
     <span class='ocr_line' id='line_1_38' title="bbox 131 4519 595 4604; baseline -0.002 -24"><span class='ocrx_word' id='word_1_309' title='bbox 131 4525 251 4604; x_wconf 77' lang='grc' dir='ltr'><strong>σόμινος]</strong></span> <span class='ocrx_word' id='word_1_310' title='bbox 271 4526 505 4600; x_wconf 76' lang='lat' dir='ltr'>inadrqumipmoc</span> <span class='ocrx_word' id='word_1_311' title='bbox 525 4519 547 4580; x_wconf 83' lang='lat' dir='ltr'>C</span> <span class='ocrx_word' id='word_1_312' title='bbox 564 4521 595 4580; x_wconf 80' lang='grc' dir='ltr'><strong>Μ</strong></span> 
     </span>
    </p>
   </div>
   <div class='ocr_carea' id='block_1_6' title="bbox 950 4617 993 4683">
    <p class='ocr_par' dir='ltr' id='par_1_6' title="bbox 950 4617 993 4683">
     <span class='ocr_line' id='line_1_39' title="bbox 950 4617 993 4683; baseline 0.023 -1"><span class='ocrx_word' id='word_1_313' title='bbox 950 4617 993 4683; x_wconf 89' lang='grc'>30</span> 
     </span>
    </p>
   </div>
   <div class='ocr_carea' id='block_1_7' title="bbox 0 0 1541 4984">
    <p class='ocr_par' dir='ltr' id='par_1_7' title="bbox 0 0 1541 4984">
     <span class='ocr_line' id='line_1_40' title="bbox 0 0 1541 4984; baseline 0 0"><span class='ocrx_word' id='word_1_314' title='bbox 0 0 1541 4984; x_wconf 95' lang='lat' dir='ltr'> </span> 
     </span>
    </p>
   </div>
  </div>
 </body>
</html>
