3052 4984
667 249 827 308 utuctod.
1075 179 1092 202 '
1260 249 1318 315 391

214 435 301 482 mere
323 426 424 482 osten
445 420 478 482 in
500 425 604 480 terrae
624 417 723 482 solum
745 419 861 500 sepsit,
884 427 970 483 terro
991 429 1094 484 cutem
1118 422 1151 485 in
1173 425 1281 487 radios

213 525 516 606 montecereado,
539 525 568 587 is
590 533 690 588 antem
712 525 847 589 nestoris
868 526 975 589 iniecit
996 528 1181 605 censilem
1329 553 1358 603 m

214 632 295 696 enus
317 639 418 696 autem
440 653 483 696 ee
504 633 567 694 alie
590 633 720 713 occipit,
746 634 877 696 oderunt
897 640 999 696 eutem
1020 636 1169 702 nniumi.

163 735 256 802 llaec
278 745 326 801 est
347 756 459 823 poeno,
484 757 542 821 qus
558 739 644 820 punit
668 737 855 824 demiurgus,
879 746 1023 822 tauquam
1048 742 1156 827 leber,
1175 741 1227 823 qui
1252 741 1322 804 fer-

163 861 237 906 rum
260 843 458 910 transformet
488 852 519 908 ei
546 864 586 909 ex
609 847 682 928 igne
705 847 735 909 iu
757 865 866 929 equum
890 850 1108 932 transmerglt3
1137 850 1218 932 ignis
1241 850 1322 912 enim

166 957 219 1014 est
243 951 368 1038 esther,
392 951 474 1016 uude
508 951 540 1014 in
574 971 657 1017 mure
688 953 833 1017 transfert
863 956 979 1019 suimus
1007 955 1204 1041 demiurgus,
1233 955 1323 1020 tellus

164 1063 270 1122 eutem
293 1066 394 1140 terru3
417 1078 515 1142 quero
538 1059 596 1124 nit:
621 1077 661 1122 ex
684 1079 764 1145 uque
786 1062 818 1124 in
841 1067 968 1144 terrum,
994 1082 1035 1128 ex
1056 1071 1141 1128 terre
1162 1070 1263 1127 nutem
1290 1067 1358 1132 iuro

166 1170 294 1250 adrem,
320 1165 381 1230 hoo
404 1175 451 1231 est
475 1166 556 1251 quod
581 1168 643 1230 uit:

544 1282 630 1337 terre
651 1280 753 1336 cutem
774 1274 807 1336 in
829 1275 938 1338 radios

209 1378 399 1460 splendentis
418 1380 511 1458 solis,
534 1381 563 1443 is
583 1389 684 1444 entem
705 1381 842 1444 oetier-ic
864 1381 970 1445 inierit
991 1377 1170 1456 corticibus,

210 1483 291 1547 clins
311 1493 412 1547 antem
433 1503 475 1547 ee
497 1486 561 1549 olio
584 1487 716 1566 accipit,
745 1487 877 1548 edemnl
899 1491 1001 1548 cutem
1022 1481 1169 1546 uniuersi.

163 1608 283 1676 lusisse
305 1611 399 1692 igitur
421 1610 538 1674 suimus
560 1616 591 1673 et
613 1611 765 1674 cruciatus
789 1617 820 1674 et
841 1610 964 1692 punitus
992 1608 1025 1671 iu
1047 1605 1108 1669 hoc
1129 1605 1242 1668 munde
1266 1620 1359 1670 se-eo

164 1719 298 1782 eundum
313 1716 534 1802 Empedoclem
557 1728 732 1804 congreget
755 1719 898 1802 amicilia,
921 1735 991 1780 cum
1014 1716 1054 1778 sit
1068 1712 1150 1777 bens
1167 1711 1319 1795 quaedem

165 1831 199 1888 et
226 1826 390 1890 miseretur
412 1827 557 1907 gemitum
581 1842 686 1889 esrum
710 1832 742 1889 et
762 1825 966 1889 inordinatum
991 1829 1022 1886 et
1043 1839 1168 1904 pravum
1194 1819 1320 1883 discor-

163 1933 238 1996 diue
262 1934 447 1997 insanientis
470 1932 722 2017 dispositionem,
753 1938 784 1995 et
816 1932 953 1998 educere
983 1929 1070 1994 brevi
1098 1948 1116 1993 e
1146 1928 1260 1992 mundo
1290 1936 1321 1991 et

164 2040 334 2104 conciliare
354 2041 407 2104 uui
430 2042 544 2105 nitetur
566 2041 759 2124 silesceret,
788 2047 819 2104 ut
844 2040 947 2103 omnia
977 2041 1008 2102 in
1031 2038 1177 2101 unitatem
1207 2035 1322 2100 cedunt

164 2165 241 2211 ese
264 2148 363 2211 ductu.
417 2148 547 2230 Propter
573 2147 651 2212 huuc
682 2149 776 2232 igitur
807 2145 1015 2230 perniciabilis
1047 2143 1221 2209 discerdiae
1251 2141 1358 2222 dis-sp

165 2253 379 2335 pensationem
401 2253 490 2320 huius
513 2255 661 2337 dispertiti
683 2253 789 2319 muudi
812 2252 851 2317 ob
875 2253 1017 2317 omnibus
1047 2251 1188 2317 uuimutis
1218 2250 1317 2315 obsti-

164 2379 241 2425 nere
265 2361 431 2445 discipulos
453 2379 528 2428 suos
550 2362 637 2426 iubet
658 2359 881 2445 Empedocles;
914 2379 985 2425 esse
1016 2362 1096 2422 enim
1120 2359 1163 2424 eit
1184 2375 1317 2442 corpore

166 2468 339 2533 animalium
373 2487 455 2551 quoe
487 2469 693 2534 comeduntur
722 2470 893 2552 puniturum
926 2467 1095 2531 culmorum
1133 2464 1319 2532 habitaculnt

166 2574 320 2657 docetque
344 2593 414 2658 eos,
438 2577 490 2658 qui
513 2575 623 2640 talibus
645 2575 732 2640 dictis
756 2576 993 2658 obtemperent,
1015 2592 1087 2638 sese
1110 2575 1271 2637 continere
1299 2593 1316 2636 a

166 2682 304 2747 muliebri
328 2682 573 2767 consuetudine,
596 2700 637 2746 ne
659 2683 823 2766 participes
849 2682 923 2746 dunt
945 2688 976 2744 et
998 2687 1163 2745 consortes
1179 2699 1356 2764 operum‚po

163 2808 243 2873 quse
265 2789 421 2872 dispenset
444 2788 615 2876 discordis,
638 2809 717 2873 quoe
741 2807 817 2872 opus
840 2790 990 2854 amicitiae
1021 2788 1122 2853 solvet
1144 2805 1269 2870 semper
1285 2797 1317 2852 ct

165 2897 321 2962 distrahet.
376 2897 462 2961 lleuc
486 2900 525 2962 sit
547 2896 750 2981 Empedocles
776 2915 847 2960 esse
875 2914 1022 2960 summum
1054 2895 1156 2980 legem
1184 2893 1317 2960 admini-

164 3007 316 3072 strationis
338 3006 491 3090 uuiversi‚
515 3025 583 3070 cum
607 3003 679 3069 dicit
701 3005 747 3068 sic
769 3003 854 3067 lere:

203 3131 261 3196 list
281 3132 481 3196 Necessitatis
502 3150 569 3210 res,
592 3131 720 3196 deornm
740 3137 885 3193 stanton
906 3129 1053 3209 priscum,

203 3241 389 3324 immortale,
411 3240 574 3304 stabilibus
594 3239 788 3322 edsipnetum
810 3237 1000 3315 iuramentis,
1322 3267 1352 3317 05

154 3367 383 3432 'Necessitatem
403 3382 521 3430 reeens
551 3384 591 3429 ex
626 3383 688 3428 unu
717 3366 749 3426 in
784 3361 876 3425 multe
909 3379 966 3442 per
1000 3359 1184 3424 discordiam
1213 3367 1244 3424 et
1275 3380 1315 3424 ex

165 3474 262 3539 multis
284 3475 315 3538 in
337 3492 430 3538 uuum
454 3491 510 3556 per
533 3473 694 3536 cmioitism
716 3469 1005 3546 commutationem
1034 3469 1109 3532 deos
1132 3475 1250 3553 cutem,
1281 3477 1314 3534 ut

167 3580 318 3664 dicebam,
350 3585 494 3662 quattuor
523 3579 685 3664 mortales,
719 3579 841 3662 ignem,
875 3592 1004 3657 equum,
1038 3583 1165 3658 terrum,
1198 3583 1312 3661 utrem,

165 3685 222 3750 duo
245 3695 347 3750 eutem
370 3686 577 3770 immortales,
601 3686 821 3770 ingeneratus,
844 3681 973 3746 hostiles
996 3680 1118 3746 sibimet
1138 3683 1212 3765 ipsis
1234 3701 1310 3765 per-

166 3801 272 3877 petuu,
297 3792 480 3858 discordium
512 3801 544 3858 ct
579 3793 759 3870 amicitiem
794 3797 825 3856 ct
846 3789 1030 3855 discordium
1053 3790 1176 3872 quidem
1199 3792 1332 3866 iuiustcp

166 3919 256 3983 opere
280 3907 430 3983 perpetuo
454 3907 485 3964 ct
507 3901 623 3966 maiore
647 3899 871 3982 concupiscere
895 3904 927 3962 et
948 3896 1128 3963 ubstrolrere
1150 3917 1205 3983 eu,
1229 3917 1309 3981 quse

163 4145 204 4202 8⁰.
222 4143 251 4200 δ’
264 4145 340 4215 Ιξμξ
359 4141 426 4200 CM
605 4145 649 4200 93.
670 4141 789 4222 ipsiius]
802 4139 966 4218 ὄμιλῆσαςῦ
1137 4139 1307 4199 dsddcnerrc

167 4231 405 4308 wnepyeiierrnsC
574 4235 618 4290 9³.
638 4237 682 4294 94.
702 4233 1018 4310 σανεπιλαμβάνονταιῦ
1188 4237 1232 4290 97.
1259 4235 1304 4290 98.

168 4321 321 4396 Empedoel.
340 4341 395 4378 sss.
418 4325 440 4378 l.
460 4327 487 4377 2.
507 4324 653 4394 narnien„
670 4345 724 4382 res.
744 4329 807 4384 369.
826 4331 871 4383 70.
900 4325 987 4383 Stein.
1158 4326 1202 4380 97.
1223 4325 1308 4380 'limen

161 4416 289 4490 Ἀνάγκης]
303 4416 375 4472 'dium
392 4421 416 4472 ri
433 4417 537 4492 ἀνάγκη
556 4415 579 4476 C
746 4420 793 4476 98.
811 4422 930 4474 nicrinus
948 4419 1212 4492 κατεσφραγισμένον
1230 4414 1253 4473 C
