3006 4976
421 347 428 354 '
499 343 677 402 nnnssnnt.
720 344 884 404 nnnnrntt.
1205 341 1267 408 tlt

583 1039 600 1082 k

215 1169 265 1238 ll.
309 1171 348 1235 Et
370 1172 447 1237 haec
471 1175 594 1256 quidem
617 1175 766 1240 Naasseni
789 1183 956 1260 conantur,
983 1175 1162 1258 semetipsi
1185 1195 1269 1260 gno-

127 1279 226 1343 sticos
249 1281 449 1362 appellantes.
494 1281 555 1354 Sed
579 1302 647 1346 cum
671 1283 830 1365 multiceps
853 1283 892 1347 sit
909 1301 999 1347 error
1019 1301 1127 1347 eorum
1146 1283 1269 1347 etmul-

128 1387 240 1470 riptex,
263 1394 296 1449 ut
319 1406 393 1452 vera
416 1407 496 1469 quae
519 1389 550 1452 iu
573 1389 682 1454 tabulis
705 1397 752 1454 est
773 1389 889 1475 hydra,
912 1409 974 1454 nno
996 1392 1058 1454 ictu
1082 1393 1180 1472 capita
1204 1393 1270 1454 eius

129 1491 183 1554 ubi
206 1495 450 1574 percusserimus
464 1497 677 1582 coarguendo,
703 1497 839 1560 veritatis
853 1499 939 1582 virga
952 1498 1008 1581 usi,
1031 1505 1123 1561 totam
1141 1497 1270 1561 bestiam

127 1599 292 1680 tollemus;
328 1619 431 1683 neque
461 1601 541 1666 enim
564 1603 703 1686 reliquae
725 1603 872 1667 haereses
895 1604 1018 1668 multum
1038 1604 1075 1667 ab
1098 1604 1156 1666 hac
1180 1603 1310 1676 ablu-aa

128 1707 213 1792 dunt,
237 1709 347 1790 quippe
370 1729 450 1791 queo
473 1711 690 1776 contineantur
712 1713 827 1775 erroris
849 1711 966 1792 spiritu.
1011 1711 1072 1775 Sed
1089 1729 1158 1775 cum
1174 1712 1270 1776 verba

128 1820 161 1877 et
189 1815 313 1879 nomina
343 1818 496 1898 serpentis
526 1825 750 1883 commutantes
782 1819 873 1882 multa
903 1835 973 1882 esse
996 1819 1095 1900 capita
1119 1820 1271 1900 serpentis

130 1922 293 2010 voluerint,
316 1941 356 1986 nc
375 1926 421 1988 sic
445 1924 569 2007 quidem
593 1927 765 1989 omittemus
788 1942 971 2010 coarguere,
995 1931 1027 1988 ut
1049 1925 1164 1988 volunt.

218 2031 268 2099 12.
312 2031 365 2096 list
387 2041 472 2097 certe
495 2033 586 2097 etiam
609 2033 767 2114 quoddam
792 2039 882 2113 caput
904 2031 1021 2115 hydrae
1044 2031 1129 2113 quod
1152 2031 1271 2096 cstPc-
1344 2017 1349 2026 ⁴

131 2144 279 2222 ratarum,
313 2157 442 2220 quorum
469 2138 569 2204 multis
600 2139 688 2203 annis
710 2139 798 2204 latuit
821 2158 896 2222 erga
922 2139 1073 2203 Christum
1096 2137 1310 2223 ludibriumque

135 2263 262 2327 quorum
289 2264 371 2310 nunc
394 2247 490 2310 visum
515 2252 562 2310 est
584 2248 614 2309 iu
638 2246 738 2310 lucem
757 2247 892 2328 prodere
908 2248 1185 2329 arcanamysteria.
1233 2249 1269 2311 lli

131 2350 265 2415 dictitant
288 2352 432 2418 mundum
456 2371 526 2418 esse
549 2371 652 2439 unum,
675 2353 822 2418 trifariam
846 2354 982 2418 divisum.
1028 2353 1082 2416 Est
1095 2362 1195 2418 autem
1211 2356 1269 2418 tri-

131 2458 228 2523 lariao
255 2459 414 2524 divisionis
442 2460 523 2542 apud
553 2478 609 2525 eos
639 2461 728 2542 quasi
757 2479 849 2525 unum
877 2461 1030 2541 quoddam
1060 2461 1177 2524 initium
1201 2470 1271 2528 tan-

130 2585 222 2650 quam
253 2586 382 2651 magnus
411 2567 499 2653 lons,
532 2569 564 2632 iu
593 2567 709 2632 infinita
734 2586 791 2649 per
812 2570 964 2631 rationem
984 2567 1173 2632 dissecabilis
1195 2587 1271 2652 seg-

132 2681 245 2739 menta.
289 2675 420 2738 Primum
442 2682 541 2739 autem
565 2682 759 2759 segmentum
784 2683 813 2738 et
835 2677 937 2757 potins
958 2674 1127 2738 secundum
1150 2692 1207 2740 eos
1225 2682 1310 2739 cstoo

129 2779 215 2864 trias,
238 2787 270 2844 et
292 2799 351 2845 una
375 2780 498 2864 quidem
521 2799 593 2862 pars
615 2781 788 2864 appellatur
809 2781 923 2844 bonum
947 2781 1125 2865 perlectum,
1149 2781 1269 2864 magni-

129 2885 205 2950 tudo
229 2889 338 2971 patria,
371 2886 507 2951 secunda
538 2895 638 2952 autem
661 2887 765 2952 triadis
790 2905 897 2952 eorum
919 2905 990 2969 pars
1013 2894 1157 2970 tanquam
1179 2895 1272 2969 pote-

130 3001 241 3058 statum
263 2994 423 3059 innumera
446 2995 597 3078 quaedam
621 2995 779 3059 multitudo
804 3014 843 3058 ex
871 3011 942 3059 sese
964 2994 1152 3078 genitarum,
1182 2994 1272 3058 tertia

129 3101 275 3184 speciale.
328 3103 367 3166 Et
395 3108 443 3166 est
469 3105 564 3184 prima
591 3101 713 3184 quidem
735 3101 766 3165 id
790 3101 874 3183 qnod
895 3121 957 3165 non
980 3103 1115 3184 genitum
1139 3109 1186 3164 cst
1209 3100 1272 3163 bo-

130 3227 219 3293 num,
248 3208 385 3274 secunda
408 3219 508 3273 autem
532 3210 646 3273 honum
671 3228 711 3272 ex
745 3228 780 3272 se
810 3209 968 3291 genitum,
1005 3210 1093 3273 tertia
1117 3211 1309 3290 'genitumst

130 3315 214 3379 unde
236 3317 399 3398 perspicue
423 3316 525 3380 dicunt
548 3322 610 3380 tres
628 3315 727 3401 dcco,
750 3323 816 3380 tres
839 3317 948 3401 logos,
970 3325 1033 3380 tres
1057 3323 1188 3401 mentes,
1208 3323 1271 3380 tres

130 3421 280 3486 nomines.
325 3423 458 3504 Singulis
481 3423 560 3486 enim
583 3422 719 3505 partibus
742 3422 855 3504 muudi,
876 3422 1026 3486 divisione
1050 3421 1193 3506 discreta,
1214 3424 1273 3484 tri-

131 3527 230 3593 buunt
260 3537 291 3593 et
321 3527 398 3592 deos
421 3535 453 3593 at
473 3529 565 3613 logos
589 3536 620 3592 et
642 3537 761 3592 mentes
783 3535 815 3591 et
835 3529 977 3593 homines
1001 3537 1031 3592 et
1053 3547 1132 3611 quaa
1153 3529 1272 3611 reliqua

132 3641 212 3698 snut.
257 3635 400 3718 Desuper
421 3643 522 3699 autern
549 3654 589 3699 ex
611 3637 899 3718 non-generatione
923 3644 952 3699 et
975 3637 1072 3718 primo
1095 3637 1200 3700 mundi
1219 3655 1274 3700 se·

129 3819 208 3887 Quae
232 3820 333 3876 desunt
362 3820 473 3892 supplet
497 3817 626 3892 Epitoma
644 3820 663 3874 l.
683 3817 727 3886 X,
748 3821 780 3874 lo
799 3820 819 3874 l.
838 3819 858 3873 l.
973 3820 1017 3873 72.
1046 3819 1130 3891 τριχῆ]
1148 3817 1274 3892 τριχῆςῦ

129 3913 174 3968 73.
201 3912 229 3966 τὸ
246 3911 298 3986 μὲν
312 3913 477 3986 lrplpccut
490 3920 585 3984 operte
601 3912 636 3966 ab
650 3911 779 3967 hocloco
792 3911 912 3966 alienum
930 3911 1103 3966 seclusimus.
1141 3909 1184 3966 Gi.
1204 3912 1274 3966 inira

129 4005 179 4060 tin.
198 4006 233 4060 75
320 4005 365 4059 75.
385 4007 575 4079 προσεχεσιέρα
593 4001 615 4058 C
634 4002 664 4060 M
736 4003 805 4058 ἐστὶν
821 4002 836 4070 ἦ
854 4005 937 4076 τριάς]
962 4005 1014 4060 luri
1029 4003 1103 4078 τριάς
1121 4001 1142 4058 C
1160 4000 1206 4068 M;
1236 4003 1272 4059 el.

131 4095 203 4152 inira
221 4114 249 4167 p.
267 4096 330 4158 ³15.
348 4099 382 4151 21
405 4096 448 4151 ed.
470 4093 559 4152 Oxou.
633 4095 661 4150 ni
678 4094 730 4168 pir
745 4095 774 4150 ἓν
791 4095 884 4169 μέρος]
897 4093 988 4151 Verba
999 4095 1078 4162 haec,
1095 4111 1166 4169 quaa
1182 4095 1275 4166 paullo
1360 4165 1366 4170 ι

129 4196 194 4243 anta
220 4186 353 4254 delenda,
378 4188 406 4242 in
432 4187 506 4242 hunc
526 4188 616 4242 lecum
635 4185 792 4242 reducenda
811 4203 873 4240 ensa
892 4187 1034 4252 ridentur,
1061 4195 1091 4242 ut
1113 4185 1183 4239 ratio
1203 4202 1276 4239 con·
1379 4231 1387 4237 .

128 4289 192 4335 stet.
313 4281 357 4336 78.
384 4284 411 4345 ἐξ
430 4279 516 4334 aoros
533 4279 719 4352 γεγενημένων
735 4277 903 4350 Beruaysius
923 4301 961 4351 ep.
979 4283 1037 4334 crit.
1055 4281 1091 4332 cd
1102 4280 1213 4332 Barcen.
1227 4275 1275 4330 1.1.

130 4388 160 4442 p·
181 4371 252 4426 ³14:
279 4372 306 4433 ἐξ
326 4372 412 4427 αὐτῶν
427 4372 605 4445 γεγενημένον
624 4367 646 4424 C
664 4367 692 4425 ll
810 4370 855 4425 82.
874 4370 1100 4444 διανενρνμμένγς
1119 4363 1156 4429 C:
1177 4366 1212 4420 cf.
1227 4367 1274 4421 iu·

128 4459 171 4516 ira
190 4478 219 4533 p.
238 4462 300 4528 315,
318 4461 355 4520 28
373 4463 418 4519 ecl.
439 4460 529 4518 Oxou.

948 4553 987 4622 12
