2920 4982
313 325 596 402 tactrtlutatto:
624 327 787 394 lUSTlllUS.
811 329 981 390 llOCElei.
1156 326 1219 396 519

62 498 187 556 autam
212 491 249 558 ab
271 493 446 577 inguinibus
468 495 541 562 inda
563 497 709 580 viperam.
756 495 890 561 Vocatur
917 507 1018 565 autem
1047 499 1126 565 haec
1156 502 1223 566 talis

62 601 179 668 Edem
205 609 236 666 et
257 603 360 670 lsrael
403 605 488 670 llaec
511 605 627 670 dictitat
647 606 794 688 principia
810 624 880 670 esse
896 611 1119 693 universorum,
1142 610 1223 674 unde

66 709 188 776 omnia
210 709 377 775 extiterint.
430 709 550 776 Elolrim
582 719 683 776 autem
712 729 774 776 non
799 714 1024 794 praescientem
1048 715 1170 779 venisse
1193 717 1223 780 in

65 812 283 896 cupiditatem
303 817 507 898 semivirginis
529 815 618 900 illius,
641 823 670 879 et
694 817 877 898 corporibus
896 816 1067 884 commixtis
1086 839 1224 904 genera·

63 920 162 984 visse
187 919 350 985 duodecim
372 921 511 1004 angelos.
553 921 668 986 llorum
691 922 814 986 nomina
837 969 1091 991 .........
1115 933 1147 989 et
1165 939 1263 1008 pa-to

67 1027 159 1092 terni
186 1027 308 1111 quidem
329 1037 447 1112 patrem
470 1032 670 1116 comitantur,
693 1033 824 1096 materni
846 1039 947 1097 autem
971 1015 1107 1097 matrem.
1159 1033 1224 1099 llos

67 1155 152 1204 essa
177 1184 313 1206 .....
337 1155 405 1202 cum
436 1139 604 1224 allegorice
634 1139 746 1204 dixerit
775 1139 879 1204 lloses
907 1158 962 1226 ea,
991 1142 1126 1223 quaein
1152 1141 1223 1226 lege

67 1246 195 1329 scripta
217 1252 297 1311 sunt.
341 1246 433 1310 Facta
456 1254 557 1311 antem
580 1264 651 1311 esse
674 1248 775 1312 omnia
799 1247 836 1310 ab
860 1247 978 1312 Elohim
1001 1256 1031 1313 et
1051 1247 1162 1333 Edem,
1194 1257 1224 1312 at

68 1353 223 1420 animalia
247 1351 371 1438 quidem
394 1354 482 1418 simul
505 1371 573 1418 cum
597 1353 725 1437 reliquis
747 1375 765 1418 e
787 1353 908 1434 bestiali
929 1363 1036 1442 parte,
1070 1355 1221 1420 hominem

69 1469 182 1528 autem
205 1481 246 1526 ex
267 1461 403 1545 partibus
425 1480 518 1545 supra
544 1464 679 1548 inguina.
734 1463 772 1528 Et
799 1463 908 1530 Edem.
929 1463 1051 1546 quidem
1081 1463 1261 1546 deposuilao

69 1573 104 1636 in
131 1589 175 1636 eo
199 1571 346 1654 animam,
369 1589 449 1654 quaa
471 1571 567 1652 ipsius
589 1577 727 1654 potestas
751 1580 837 1657 erat,
860 1570 989 1658 [Elohim
1010 1580 1110 1637 autem
1128 1574 1220 1657 spiri-

72 1679 165 1762 tuml.
211 1678 299 1742 llunc
321 1684 421 1743 autem
445 1678 575 1764 dictitat,
607 1685 768 1762 postquam
792 1679 950 1764 didicerit,
981 1681 1158 1746 escendisse
1181 1681 1219 1744 ad

71 1787 197 1876 Bonum
220 1792 251 1851 et
273 1782 449 1851 deseruisse
473 1785 587 1866 Edem;
616 1795 744 1870 propter
771 1787 855 1870 quod
881 1787 990 1852 iratam
1021 1807 1089 1851 eam
1112 1807 1220 1853 omnes

72 1894 206 1960 insidias
228 1894 333 1959 lacera
355 1896 474 1976 spiritui
495 1894 635 1981 Elohim,
662 1914 751 1980 quem
780 1894 830 1960 hic
859 1894 1003 1977 deposuit
1025 1895 1055 1958 in
1084 1895 1219 1962 homine.

72 2003 113 2070 m
136 2003 219 2067 hanc
241 2003 281 2068 ab
305 2019 446 2068 caussam
467 2009 584 2086 patrem
615 2003 770 2086 legavisse
800 2002 936 2089 Baruch,
965 2001 1107 2068 mandata
1138 2003 1258 2074 dan-as

75 2119 140 2177 tom
163 2109 340 2194 prophetis,
367 2117 400 2176 ut
421 2110 566 2176 liberaret
587 2111 725 2193 spiritum
746 2110 879 2196 Elolrim,
903 2119 934 2176 et
958 2130 1066 2176 omnes
1090 2110 1217 2176 allectos

75 2237 148 2286 csse
169 2220 208 2284 ab
231 2217 338 2284 Edem.
383 2218 446 2284 Sed
470 2227 501 2284 et
521 2218 683 2284 Herculem
716 2219 834 2284 dictitat
862 2219 1043 2304 prophetam
1070 2221 1217 2303 extitisse,

74 2336 252 2412 superatum
275 2335 376 2394 autem
400 2346 469 2392 eum
494 2345 564 2392 essa
586 2326 624 2389 ab
648 2326 806 2413 Omphale,
829 2327 890 2392 hoc
910 2327 1103 2412 estallabel,
1126 2347 1216 2412 quam

75 2437 229 2502 Venerem
264 2434 432 2501 nominant.
493 2429 605 2500 Postea
638 2435 879 2500 autem.dicbus
912 2437 1044 2500 Herodis
1077 2438 1216 2502 extitisse

78 2545 198 2629 lesum,
218 2543 311 2608 lilium
332 2541 447 2606 llariee
470 2552 500 2606 et
524 2541 656 2626 losephi,
679 2542 719 2607 ad
743 2562 832 2626 quem
855 2543 974 2607 Baruclr
997 2544 1077 2608 illum
1102 2544 1215 2610 dictitat
1225 2567 1256 2618 to

79 2671 150 2718 essa
170 2651 320 2730 locutum;
351 2656 382 2714 et
403 2647 472 2712 huic
495 2667 570 2712 vcro
594 2648 766 2714 insidiatam
789 2669 859 2714 esse
881 2649 997 2734 Edem,
1027 2669 1089 2716 noo
1118 2660 1217 2717 autem

78 2763 214 2845 potuisse
238 2779 307 2824 aum
329 2757 491 2842 seducere,
513 2764 545 2821 et
566 2768 730 2842 propterea
753 2759 875 2841 iecisse,
897 2766 931 2822 ut
953 2761 984 2822 in
1008 2778 1130 2824 crucem
1148 2759 1217 2823 sul-

79 2871 242 2954 ligeretur;
265 2869 351 2932 cuius
373 2867 510 2949 spiritum
535 2865 713 2930 escendisse
745 2867 783 2930 ad
816 2865 934 2931 Bonum
963 2867 1043 2930 dicit.
1086 2867 1122 2930 Et
1145 2887 1216 2931 om·
1306 2873 1309 2886 '

83 2977 160 3040 oium
182 2992 278 3058 vcro,
301 2973 416 3054 quiite
438 2970 536 3036 stultis
559 2970 617 3034 iltis
641 2975 672 3034 at
695 2969 846 3034 debilibus
876 2972 1069 3036 sermonibus
1092 2971 1215 3036 obtem-

81 3092 202 3168 perant,
230 3081 367 3164 spiritum
390 3077 513 3162 quidam
536 3079 683 3142 salvatum
706 3079 756 3164 iri,
779 3097 894 3164 corpus
917 3086 1016 3142 autem
1040 3088 1072 3143 ct
1086 3081 1253 3144 enimaman

82 3193 171 3258 Edem
193 3190 273 3254 illius
296 3189 484 3273 derelinqui,
506 3206 595 3271 quam
621 3196 652 3252 ct
673 3197 786 3254 terram
809 3189 941 3254 lustinus
964 3189 1092 3254 deuncos
1116 3199 1216 3254 vocat.

165 3317 212 3385 lli.
257 3317 397 3382 Docetaa
419 3324 519 3381 autem
541 3316 612 3379 talia
636 3314 756 3379 dicunt:
779 3316 858 3380 Esse
877 3317 1006 3398 primum
1030 3315 1119 3380 deum
1144 3324 1217 3410 tan-

86 3447 167 3511 quam
187 3445 294 3491 semen
325 3424 445 3490 arboria
474 3423 541 3507 tici,
574 3422 612 3486 ab
640 3422 698 3485 hac
729 3430 829 3487 autem
861 3424 1020 3504 proiectos
1053 3442 1124 3488 csse
1154 3429 1216 3488 tres

86 3553 208 3620 aeones,
228 3543 371 3616 tanquam
394 3534 518 3615 stirpem
542 3537 575 3596 et
595 3529 668 3595 lolia
692 3537 723 3594 et
744 3531 892 3609 tructum;
921 3531 978 3596 hos
1006 3541 1108 3596 autem
1139 3552 1216 3616 pro-

87 3757 190 3836 caaipoe]
209 3776 254 3814 om
273 3756 295 3814 G
312 3756 350 3819 Μ.
386 3755 478 3813 Verba
498 3757 568 3814 haec
584 3773 619 3812 ex
637 3775 664 3829 p.
680 3757 776 3818 2le
796 3765 903 3828 sumpta
923 3755 968 3812 lric
988 3774 1050 3812 aeae
1068 3759 1215 3815 inserenda

89 3856 135 3909 iam
160 3851 302 3925 Roeperua
329 3851 434 3906 monuit
558 3851 604 3906 27.
630 3850 855 3918 καταλελοιπέναι]
879 3853 1113 3918 complanandum
1135 3849 1215 3908 CM.

89 3942 126 4002 Cl.
143 3962 219 4018 supra
237 3962 263 4018 p.
282 3943 346 4008 222.
365 3944 396 3998 41
420 3950 449 3998 et
465 3944 527 4006 224,
547 3941 580 3996 61
725 3943 770 3998 28.
794 3943 885 3997 πᾶσαν
902 3940 956 4022 τὴν]
975 3941 1048 3999 Fort
1068 3945 1214 4000 delendum

89 4036 174 4107 adradi
288 4037 332 4092 ³2.
351 4033 413 4112 aiud]
434 4034 487 4090 dud
507 4033 528 4090 G
546 4031 576 4092 Μ
698 4035 743 4090 34.
769 4035 892 4110 dimid?
921 4035 958 4104 C,
988 4047 1017 4091 ut
1040 4037 1112 4093 libro
1132 4034 1165 4092 V.
1183 4035 1213 4094 Μ

91 4136 127 4190 tn.
152 4131 192 4187 adr
208 4131 248 4202 dd]
273 4126 429 4184 Delendum
459 4128 551 4201 potius
579 4127 687 4183 uidetur
715 4129 744 4184 di
769 4147 850 4204 quam
875 4131 1049 4185 scribendum
1077 4132 1159 4186 τόνδε.
1183 4128 1213 4187 Μ

90 4229 128 4284 tt.
144 4227 182 4282 41.
211 4223 267 4280 Kal
285 4253 318 4264 -
337 4218 518 4298 πειθομένων]
536 4221 591 4275 Kal
610 4222 695 4276 adm
719 4223 747 4279 di
766 4223 810 4279 τὸν
827 4255 861 4265 -
880 4224 1043 4296 πειθόμενον
1066 4222 1211 4297 Roeparua

91 4323 129 4378 41.
144 4320 166 4376 ad
181 4318 232 4394 pir
249 4314 364 4394 πνεῦμα]
384 4333 429 4372 orn
449 4313 470 4372 C
488 4313 526 4380 lt,
553 4317 601 4389 qui
628 4317 683 4372 iam
706 4317 774 4373 vidit
797 4327 861 4390 post
886 4318 1055 4391 πειθομένων
1080 4320 1211 4375 nonnulla

93 4414 208 4471 exciditne
334 4413 379 4468 44.
399 4430 457 4486 aqq.
493 4408 536 4466 Gl.
555 4428 637 4484 cupra
656 4429 683 4485 p.
702 4412 765 4468 ⁴1².
783 4429 842 4487 sqq.
964 4412 1088 4483 Aesarei]
1107 4418 1214 4472 Aoniam

95 4507 125 4564 C:
143 4507 245 4577 Auximo
263 4503 293 4562 Μ
