3050 4988
586 313 833 372 veluntatem.
1220 305 1284 374 289

138 485 262 563 praeter
287 497 322 543 se
351 497 413 544 non
447 497 520 544 esse
548 480 656 564 alium,
690 481 747 544 sed
777 479 927 544 intellexit
961 479 1091 544 edoctus
1121 499 1137 542 a
1170 479 1325 562 Sophieso

138 589 341 668 superiorem,
359 587 515 650 institutus
538 593 586 651 est
608 587 689 651 enim
713 587 750 651 ab
772 605 809 650 ee
831 593 924 670 etque
947 589 1080 650 initiatus
1104 596 1135 650 et
1158 588 1285 651 edoctus

139 712 283 777 maguum
313 695 410 760 Patris
438 699 470 758 ct
499 711 631 758 aeonum
667 693 865 778 mysterium,
898 699 930 758 et
960 694 1100 758 elocutus
1135 702 1183 758 est
1213 694 1285 757 illud

139 802 269 881 nemini;
306 799 366 864 lxoc
401 807 465 882 est,
497 808 530 864 ut
562 803 620 886 ait,
654 803 737 883 quod
771 801 844 864 dicit
878 800 917 865 ad
947 801 1080 865 llosem:
1113 803 1180 884 Epo
1212 804 1286 865 deur

138 909 296 972 Abrohom
317 916 348 971 ot
369 909 445 972 deus
466 909 559 972 leuco
580 916 611 971 et
632 910 707 972 clercs
730 907 844 988 Iacob,
872 917 904 974 ct
930 929 1039 972 nomen
1067 910 1117 971 dci
1149 927 1211 972 noo
1233 911 1286 972 in·

138 1017 243 1080 dicuat
264 1017 327 1093 eis,
351 1015 411 1079 hoe
434 1022 502 1096 est,
525 1017 700 1100 mysterium
724 1033 786 1080 non
811 1017 880 1099 dixi,
905 1033 965 1078 nee
988 1013 1138 1096 explicavi
1159 1017 1227 1097 quis
1249 1017 1324 1080 sites

139 1122 232 1207 deus,
254 1122 312 1186 sed
335 1123 488 1188 custodivi
512 1141 632 1187 mecum
656 1125 686 1186 iu
710 1123 893 1187 abscondito
917 1124 1093 1206 mysterium
1122 1122 1204 1204 quod
1227 1140 1287 1186 au-

139 1230 200 1296 divi
223 1250 240 1295 a
266 1231 408 1316 SophiaJ:
429 1267 473 1278 -
501 1231 663 1312 oportebat
691 1231 784 1314 igitur
813 1229 984 1294 ernendatis
1006 1231 1147 1312 supernis
1170 1247 1286 1294 secun·

138 1337 208 1402 dum
232 1336 363 1402 eandem
387 1338 603 1402 necessitatem
626 1339 785 1402 emendari
818 1339 908 1402 etiam
942 1355 1023 1419 quae
1051 1337 1100 1400 hic
1129 1343 1209 1401 sunt.
1252 1336 1285 1400 ln

137 1443 217 1508 hanc
239 1447 366 1529 gretiam
390 1455 479 1510 natus
502 1454 549 1509 est
570 1445 656 1510 lesus
678 1445 814 1508 salvator
833 1463 890 1528 per
914 1443 1054 1528 Mariam,
1077 1453 1110 1508 ut
1133 1444 1285 1507 emenda-

136 1557 186 1614 ret
208 1571 289 1633 quae
312 1551 361 1615 hie
384 1561 467 1636 sunt,
491 1551 584 1615 veluti
607 1551 763 1635 Christus,
791 1551 843 1632 qui
865 1557 931 1614 erat
952 1568 1088 1632 superne
1110 1563 1321 1633 superpro-eo

136 1658 235 1722 iectus
258 1679 275 1722 a
298 1657 403 1723 llente
427 1668 457 1723 et
479 1659 632 1744 veritate,
663 1658 841 1722 emendavit
862 1661 1024 1741 passiones
1047 1657 1181 1739 Sophiae
1203 1675 1283 1739 qrroe

139 1775 226 1831 extro
250 1773 315 1850 est,
338 1765 397 1830 lroe
418 1773 465 1830 est
488 1767 637 1851 abortivi,
670 1773 702 1830 et
731 1783 839 1830 rursus
870 1772 959 1832 natus
989 1784 1047 1849 per
1068 1765 1194 1828 Mariam
1218 1765 1284 1828 sal-

136 1879 226 1938 vator
247 1875 333 1937 venit
354 1873 572 1937 emendaturus
597 1873 759 1955 passiones
782 1875 909 1937 enimse.
953 1873 1029 1938 Sunt
1051 1874 1143 1955 igitur
1165 1889 1283 1936 seeun-

138 1979 209 2044 dum
231 1981 299 2044 illos
322 1987 386 2046 tres
410 1979 536 2044 Christi:
563 1981 615 2062 qui
647 1988 693 2044 est
721 1981 976 2063 superproiectus
998 1997 1016 2042 a
1038 1979 1140 2044 ilente
1163 1988 1193 2042 et
1216 1979 1282 2062 lle-

137 2088 229 2152 ritate
250 2106 311 2151 una
335 2107 403 2152 eum
427 2090 534 2171 spiritu
557 2098 677 2173 saneto,
700 2098 730 2153 et
753 2087 930 2153 communis
952 2087 1130 2169 pleromatis
1152 2085 1320 2167 frontosos

137 2196 273 2262 coniunx
296 2195 428 2277 Sophiae
450 2213 531 2277 quae
553 2203 639 2261 extre
662 2191 728 2279 est',
759 2213 839 2277 quoe
867 2201 899 2259 et
921 2193 986 2276 ipse
1010 2201 1138 2258 vocatur
1159 2193 1282 2276 spiritus

138 2312 265 2366 sanetus
307 2301 436 2365 interior
474 2305 589 2386 primo,
625 2309 656 2366 et
695 2303 803 2366 tertius
841 2303 883 2386 is,
929 2303 979 2382 qui
1022 2307 1112 2364 notus
1146 2308 1194 2364 est
1227 2319 1282 2382 per

135 2409 260 2473 ldoriam
284 2408 323 2473 ad
347 2408 593 2473 emendationem
617 2407 802 2473 conditionis
824 2426 905 2489 quae
929 2416 975 2470 est
998 2405 1167 2470 secundum
1191 2424 1258 2470 nos.

222 2513 274 2582 37.
320 2516 400 2581 Setis
423 2534 580 2598 superque
602 2515 734 2581 arbitror
754 2513 909 2579 Valentini
932 2513 1095 2598 haeresin,
1119 2531 1199 2596 quae
1219 2515 1282 2596 l‘y-

135 2621 285 2705 thagorea
307 2630 371 2708 est,
395 2622 602 2688 adumbratam
626 2639 707 2686 esse.
752 2621 857 2686 Placet
879 2626 980 2686 eutem
997 2621 1087 2684 etiam
1102 2637 1157 2701 per
1170 2632 1303 2682 exem-1

135 2730 185 2813 pla
208 2731 325 2813 placitis
349 2747 457 2795 eorum
480 2731 627 2812 expositis
650 2729 742 2794 linem
765 2728 880 2792 lacere.
924 2725 1020 2810 igitur
1042 2727 1126 2789 l‘lato
1150 2725 1190 2788 de
1207 2726 1281 2789 uni-

135 2855 226 2900 verso
250 2854 412 2918 exponens
441 2837 586 2919 mysteria
616 2836 721 2900 scribit
755 2834 794 2900 ad
826 2835 1004 2918 Dionysium
1036 2833 1068 2896 in
1100 2831 1182 2896 hunc
1215 2833 1281 2896 lere

135 2943 277 3007 modum:
308 2944 480 3007 Dicendum
510 2950 559 3006 cst
585 2943 681 3024 ipitur·
709 2941 766 3006 tibi
792 2961 851 3024 per
878 2943 1071 3022 ocnipmoto,
1104 2941 1187 3003 etsi
1209 2941 1284 3022 quid

134 3051 265 3116 todelloe
286 3051 437 3115 colmari
462 3050 514 3114 oel
534 3057 620 3112 terro
646 3050 786 3128 accida,
821 3051 875 3132 poi
907 3067 975 3112 eom
1006 3047 1117 3129 deperit
1143 3067 1204 3110 non
1226 3048 1303 3109 ire-t

134 3161 260 3241 tellipot.
304 3158 359 3222 Sic
381 3160 461 3220 enim
482 3176 517 3220 sc
538 3157 640 3222 dodel.
684 3158 779 3219 Circo
800 3156 933 3220 omnium
954 3174 1058 3236 repom
1073 3162 1184 3216 canoto
1202 3163 1282 3228 sont,

137 3275 169 3330 cl
190 3267 274 3329 illios
294 3266 400 3347 prolia
421 3265 542 3342 omnio,
564 3272 597 3326 ct
616 3265 670 3326 illc
691 3271 802 3326 uector
821 3265 953 3326 omnium
971 3263 1159 3342 pulcrorum.
1189 3261 1282 3322 Cir-co

132 3372 465 3449 camedonensem,
488 3371 581 3433 tertie
603 3371 690 3433 drea
712 3372 841 3438 terrica.
885 3369 951 3434 Sed
965 3371 1052 3432 οἱνοα
1066 3386 1170 3450 repom
1184 3373 1281 3450 ipsum
1299 3395 1301 3398 ·

132 3555 223 3612 'londa
240 3555 287 3611 aad
302 3553 411 3626 Ἰακώβ,
435 3557 483 3613 καὶ
501 3557 529 3612 τὸ
547 3557 637 3631 ὄνομα
659 3557 704 3614 τοῦ
727 3558 795 3612 θεοῦ
821 3555 1006 3624 edeldridam
1031 3553 1128 3616 αὐτοῖς.
1235 3555 1281 3608 29.

134 3650 211 3718 θεοῦ]
229 3668 284 3722 μον
314 3645 384 3704 CM
525 3651 570 3704 32.
595 3646 832 3722 διορθωμὲνωνῦ
983 3648 1027 3702 34.
1055 3645 1233 3716 depudesco
1251 3647 1282 3700 τὰ

134 3738 295 3812 Bosporus:
315 3741 493 3814 dcopdeimprcs
511 3739 533 3797 C
551 3739 582 3798 Μ
689 3744 734 3798 36.
753 3731 838 3816 ncilla]
857 3737 943 3807 πλήθη
962 3735 984 3793 C
1002 3736 1032 3792 Μ
1144 3739 1188 3794 42.
1208 3735 1282 3813 αὐτῇ]

133 3829 238 3900 «213an
377 3837 422 3890 46.
446 3835 493 3890 47.
517 3835 661 3907 διελέγχων
684 3832 707 3889 C
839 3833 884 3888 49.
909 3829 979 3886 Plut.
1003 3833 1052 3902 Ep.
1071 3827 1107 3885 ll.
1133 3849 1161 3902 p.
1180 3831 1235 3885 312
1253 3831 1280 3885 d.

135 3925 181 3980 50.
201 3923 337 3998 αΙννγμοΙν
354 3922 397 3980 ΡΙ.
493 3927 558 4000 lor-1·
577 3926 593 3994 ἦ
612 3923 716 4001 (sie)C
823 3921 904 3998 ἢγῆς
922 3940 955 3977 ex
972 3918 1015 3976 ΡΙ.
1035 3922 1097 3976 edd.
1115 3917 1146 3976 Μ
1236 3923 1280 3976 52.

133 4015 209 4070 πάντ’
228 4017 292 4080 lom,
310 4015 357 4070 aul
374 4019 474 4072 lasiaco
491 4015 535 4072 ΡΙ.
609 4018 653 4073 53.
672 4017 719 4072 καὶ
730 4018 814 4072 ἐκεῖνο
828 4017 913 4071 almer
924 4013 1050 4070 ἁπάντων
1062 4010 1106 4068 ΡΙ.
1178 4013 1223 4068 53.
1235 4015 1280 4068 54.

132 4107 256 4179 δεύτερον
272 4107 302 4162 dt
320 4107 381 4177 aspi
398 4106 440 4164 ΡΙ.
550 4111 667 4166 tte-58.
692 4109 708 4178 ἢ
727 4103 778 4166 οὖν
795 4108 955 4182 ἀνθρωπίνη
973 4105 1045 4180 ψυχὴ
1067 4105 1130 4180 περὶ
1147 4104 1212 4160 αὐτὰ
1223 4103 1282 4176 ὅρι’-

133 4218 207 4273 ymo
223 4203 326 4272 μαθεῖν
342 4201 396 4255 noi'
416 4201 478 4255 ἄπα
495 4203 554 4267 ἐστι’,
571 4205 705 4274 βλέπουσα
722 4205 759 4264 εἰς
776 4203 806 4256 τὰ
824 4200 902 4270 celric
917 4200 1043 4274 συγγενῆ,
1069 4189 1109 4253 ὤν
1127 4197 1206 4252 οὐδὲν
1223 4199 1281 4251 ian·

133 4293 187 4354 ναῖς
204 4293 266 4364 ἔχει.
306 4290 360 4347 Τοῦ
376 4293 409 4360 di
426 4297 553 4364 βασιλέως
570 4297 631 4366 rre'pc
649 4295 696 4350 acl
714 4285 753 4349 ηΙν
769 4297 860 4360 εἶπον,
891 4293 969 4348 οὐδέν
993 4293 1046 4346 don
1069 4289 1178 4344 recem.
1207 4289 1234 4342 τὸ
1249 4290 1281 4356 dri

132 4386 198 4459 proni
214 4385 287 4439 τοῦτο
305 4385 320 4454 ἦ
339 4385 412 4459 ψυχὴ
430 4390 521 4458 φησίν.
559 4385 632 4442 Ἀλλὰ
657 4385 738 4441 ποῖόν
760 4405 783 4440 m
804 4384 860 4460 μὴν
882 4386 946 4440 mur
971 4386 1049 4448 ἐστίν,
1073 4374 1095 4434 ol
1120 4385 1171 4434 noi
1188 4387 1282 4434 Διονυ-

133 4480 192 4532 dioc
200 4495 251 4530 ar.
260 4479 284 4532 t.
356 4479 401 4534 55.
416 4469 755 4555 πέρικαΙαΙν]περΙοΙν(1
827 4478 872 4534 55.
887 4477 941 4531 Τοῦ
955 4473 1016 4530 dte
1087 4470 1281 4544 μετὰωῦιονῦ
