3006 4976
604 299 767 357 neowan.
834 337 837 344 ·
1199 295 1259 362 113

109 465 235 539 putant:
258 456 375 540 μᾳνάς,
398 461 488 546 utab
511 481 549 526 ea
571 461 735 545 ordiemur,
758 462 791 524 lit
809 459 887 545 361,
912 463 964 542 qui
983 481 1127 527 numerus
1147 462 1260 528 desinit

109 565 142 626 in
167 565 352 648 monadem,
384 569 539 633 subtracta
566 568 718 633 enneade.
772 568 904 632 Similem
926 569 957 631 in
982 569 1102 633 modum
1127 589 1258 652 compu-

111 679 195 734 tato:
219 668 301 745 δυάς
322 673 354 737 lit
375 675 456 758 605,
480 674 651 738 subtrahite
675 675 847 756 enneedes,
871 673 982 738 desiuit
1003 677 1034 739 in
1058 676 1205 762 dyadem,
1229 686 1281 742 ett

111 778 196 840 redit
217 780 370 864 singulum
393 782 540 864 quodque
563 785 593 846 in
617 800 715 845 suurn.

204 885 256 949 44.
301 888 427 951 Monadi
449 890 560 972 igitur,
584 891 695 970 quippe
720 905 800 969 quoe
823 887 863 950 sit
885 887 1023 950 benefica
1048 936 1056 950 .
1081 938 1088 952 .
1113 939 1121 954 .
1145 893 1175 954 in
1199 893 1259 955 im-

115 1009 222 1072 perem
245 1010 404 1056 numerum
433 993 607 1058 desinentia
636 997 761 1059 nomina
791 1011 911 1058 sursum
936 997 1096 1077 vergentia
1121 1003 1152 1058 et
1174 1015 1258 1060 mas-

116 1098 188 1162 cula
212 1106 243 1161 et
265 1099 417 1185 benefice,
439 1109 526 1164 recte
551 1101 725 1182 observate,
749 1119 819 1166 esse
843 1101 968 1178 dicunt;
999 1119 1078 1182 quae
1100 1108 1201 1163 autem
1225 1102 1279 1166 ino

113 1221 222 1284 parem
253 1222 412 1270 numerum
443 1206 602 1294 desinunt,
632 1207 777 1272 deorsum
807 1207 970 1291 vergentia
999 1212 1031 1267 et
1058 1205 1201 1268 feminina
1228 1213 1259 1270 et

115 1309 258 1374 malefica
282 1329 353 1375 esse
376 1312 495 1376 credite
517 1323 597 1378 sunt.
648 1315 794 1378 Naturam
823 1315 905 1377 enim
929 1314 1013 1376 aiunt
1035 1331 1075 1376 ex
1097 1315 1259 1377 contrariis

116 1416 284 1482 conllatam
314 1437 385 1484 esse
414 1426 445 1481 et
474 1438 515 1482 ex
536 1419 620 1483 bono
644 1427 675 1486 et
697 1439 738 1483 ex
760 1421 856 1504 malo,
886 1421 975 1483 sicuti
998 1419 1137 1502 dextrum
1161 1426 1192 1482 et
1213 1421 1260 1482 si-

116 1524 261 1607 nistrum,
283 1524 336 1588 lux
359 1533 391 1590 et
414 1527 572 1612 tenebrae,
596 1547 660 1592 nox
680 1535 711 1592 ct
728 1527 805 1612 dies,
828 1527 890 1590 vita
913 1535 1051 1590 etmors.
1094 1526 1258 1588 Praeterea

117 1628 180 1694 boc
204 1651 331 1714 quoque
353 1635 437 1698 aiunt
470 1677 1257 1700 .........................
1268 1645 1296 1696 to

115 1739 201 1820 quod
227 1747 275 1804 est
303 1758 376 1824 par,
407 1739 491 1821 quod
515 1742 691 1822 inscriptum
714 1739 824 1802 litteris
848 1745 987 1820 aptantes
1010 1739 1135 1820 corpori
1156 1738 1258 1802 medi-

115 1852 237 1909 cantur.
292 1844 335 1909 lta
366 1835 457 1910 etiam
484 1846 582 1911 berba
605 1847 773 1931 quaedem,
802 1865 882 1929 queo
905 1845 1017 1914 desinit
1039 1844 1070 1907 iu
1092 1843 1173 1908 bunc
1196 1864 1258 1912 nu·

113 1969 246 2035 merum,
269 1951 407 2016 similiter
429 1959 529 2033 aptate
553 1953 665 2018 efficax
688 1962 736 2018 est
750 1959 879 2036 propter
892 1951 1019 2018 similem
1032 1953 1150 2014 numeri
1169 1970 1257 2016 com-

115 2064 232 2137 pnturn.
287 2057 401 2121 Verum
431 2060 523 2124 etiem
554 2061 691 2124 medicus
718 2059 808 2124 simili
830 2076 958 2123 numero
983 2063 1131 2140 aegrotos
1153 2066 1258 2134 sanat;

115 2163 162 2224 sin
178 2161 330 2226 adversus
348 2166 406 2227 erit
428 2184 583 2251 numerus,
606 2187 669 2232 non
694 2165 783 2229 facile
805 2164 935 2231 sanabit.
979 2165 1032 2230 llis
1046 2167 1179 2228 numeris
1197 2165 1295 2229 ob-ts

115 2269 248 2332 servatis
266 2287 407 2350 quaeque
423 2279 494 2336 sunt
516 2274 623 2338 similia
642 2278 818 2354 computant
840 2289 880 2334 ex
902 2269 960 2334 bac
982 2273 1103 2335 ratione
1120 2272 1171 2336 alii
1187 2274 1256 2354 qui·

117 2374 188 2440 dem
212 2375 382 2440 secundum
404 2377 530 2444 roceles
552 2380 650 2465 solas,
686 2379 737 2458 elii
764 2385 865 2443 autem
887 2376 1056 2442 seeundum
1078 2383 1174 2442 totum
1197 2397 1257 2442 nu-

117 2501 247 2546 merum.
291 2483 372 2546 Talis
395 2485 485 2550 etiam
510 2485 733 2570 Aegyptiorum
755 2483 914 2567 sapientie,
936 2501 992 2566 per
1015 2501 1105 2564 quarn
1124 2483 1256 2548 divinem

116 2604 230 2652 numen
254 2587 447 2652 celebrantes
468 2607 663 2674 cognoscere
686 2595 859 2674 opinantur.

205 2692 257 2756 45.
302 2693 381 2757 Satis
404 2696 496 2776 igitur
518 2705 550 2760 et
571 2696 651 2760 baec
673 2717 690 2760 a
714 2697 806 2761 nobis
828 2693 975 2758 videntur
996 2694 1159 2776 explicate.
1189 2696 1297 2761 lle-ao

115 2816 181 2863 ram
205 2805 370 2881 praeterea
393 2799 484 2862 etiem
507 2799 640 2864 erbitror
658 2804 771 2868 nullom
795 2801 972 2884 opinionem
996 2797 1169 2878 sapientiae
1188 2806 1256 2862 ter-

118 2923 218 2968 renae
242 2911 273 2969 et
295 2904 378 2968 bumi
400 2906 542 2970 deiectae
565 2911 818 2993 praetermisisse,
842 2925 906 2972 nou
928 2903 1065 2972 inutilem
1088 2909 1189 2966 autern
1206 2906 1255 2968 vi-

119 3009 177 3074 deo
211 3029 332 3095 curarn,
362 3029 442 3092 quae
473 3032 491 3076 e
521 3013 610 3078 nobis
633 3016 664 3078 in
688 3035 742 3080 eas
763 3033 815 3080 res
837 3015 972 3096 impensa
997 3017 1061 3088 est;
1092 3012 1256 3074 nonenim

118 3117 217 3181 solum
250 3117 288 3182 ad
319 3120 535 3202 coarguendos
565 3121 714 3188 haereses
738 3121 841 3184 utilem
864 3119 1002 3182 videmus
1024 3117 1162 3182 extitisse
1185 3135 1257 3182 ser-

119 3241 261 3308 monem,
290 3223 348 3288 sed
379 3227 467 3290 etiem
499 3229 536 3292 ad
567 3229 652 3310 ipsos
680 3228 770 3291 buius
793 3225 952 3290 doctrinae
975 3231 1163 3306 sectatores,
1197 3226 1296 3308 quies

118 3330 170 3395 ubi
196 3331 331 3395 incident
353 3332 511 3413 impensae
533 3351 627 3398 curae
649 3341 792 3416 nostrae,
823 3339 854 3396 et
883 3329 1016 3394 studium
1039 3336 1177 3394 nostrum
1200 3330 1258 3394 ed·

119 3438 307 3501 mirabuntur
336 3445 368 3500 et
395 3437 509 3502 laboris
540 3441 745 3504 assiduitatem
770 3457 833 3503 non
856 3436 1046 3519 vilipendent
1067 3453 1126 3502 neo
1149 3438 1258 3502 stultos

119 3543 297 3609 iudicabunt
319 3543 520 3626 Christianos,
543 3545 596 3610 ubi
618 3547 814 3629 perspicient,
838 3543 947 3627 quibus
968 3543 1062 3607 rebus
1085 3544 1143 3624 ipsi
1167 3543 1258 3608 stulte

118 3648 209 3714 iidem
242 3650 383 3714 babeant.
437 3650 529 3714 Adde
556 3651 754 3733 quodetiam
778 3667 853 3733 eos,
883 3651 935 3732 qui
957 3649 1080 3714 veritati
1103 3667 1176 3712 sese
1199 3648 1259 3713 ad·

120 3755 262 3821 dixerunt
284 3756 422 3820 discendi
444 3756 540 3840 ovidi,
568 3759 683 3822 iuvabit
703 3775 825 3840 sermo,
847 3765 879 3819 ut
901 3754 1156 3836 intelligentiores
1180 3772 1298 3821 eva-oo

120 3861 192 3928 dant
213 3883 277 3930 non
299 3864 410 3948 solum,
432 3863 482 3927 ubi
506 3862 668 3928 didicerint
689 3863 863 3928 haeresium
886 3862 1092 3945 fundamenta,
1115 3860 1153 3924 ad
1177 3861 1258 3926 laci·

120 3967 176 4034 lern
201 3972 419 4035 retentionem
454 3987 578 4050 eorum,
606 3973 657 4052 qui
689 3970 843 4036 seducere
873 3986 929 4033 eos
961 3967 1171 4051 conabuntur,
1201 3965 1258 4030 sed

121 4080 207 4143 stiam
230 4078 281 4142 ubi
306 4077 466 4142 didicerint
488 4080 658 4158 sapientum
693 4095 772 4158 quae
801 4078 944 4140 dicuntur
969 4075 1148 4154 opiniones,
1183 4090 1258 4152 quas

121 4199 244 4275 ἀνωφερῆ
262 4204 319 4274 [arai
337 4201 463 4273 ἀρσενικὰ
480 4201 537 4270 καὶ]
557 4199 713 4273 dyndouoad
725 4235 760 4246 -
774 4197 1009 4272 παρατηρούμενα,
1028 4197 1081 4251 nisi
1099 4196 1177 4267 plura
1196 4205 1260 4248 tur-

122 4291 180 4350 bela
198 4294 229 4350 tl
353 4295 399 4349 Ἃ).
424 4296 543 4348 lvavrioo
562 4290 583 4347 C
711 4293 756 4346 2³.
782 4289 918 4346 Lacunam
937 4289 1040 4343 noterit
1057 4285 1086 4340 Μ
1212 4285 1258 4338 27.

122 4383 206 4460 dputes
225 4384 247 4442 G
353 4387 399 4440 29.
418 4386 445 4438 oi
461 4385 522 4457 priv]
543 4384 558 4437 d
575 4383 627 4456 pte
645 4381 667 4438 C
774 4383 819 4438 31.
839 4382 959 4445 δοξάζων
977 4376 998 4433 C
1014 4376 1046 4432 Μ
1149 4376 1193 4429 ³³.
1213 4377 1259 4447 las]

123 4477 174 4532 tnui
192 4476 213 4532 C
231 4473 261 4532 Μ
368 4477 412 4533 37.
431 4473 569 4545 ταῦτα]αᾶ
587 4473 652 4528 atre
670 4469 692 4528 G
710 4469 740 4528 Μ

952 4573 974 4630 8
