3002 4958
599 333 797 395 astitotoet.
1232 328 1274 398 59

123 512 235 569 notare
258 503 364 568 oriens
386 503 524 585 signum:
546 502 675 586 primum
699 503 945 567 demonstremus
971 501 1046 587 illis,
1068 523 1136 567 cum
1167 503 1312 569 enixiots

124 629 189 676 uon
213 611 336 676 delinita
360 613 400 674 sit
408 661 416 694 ,
440 618 473 674 ιιι
493 611 597 692 paullo
620 611 764 694 superius
787 613 1001 695 exposuimus,
1025 611 1104 675 lranc
1128 629 1167 674 nc
1187 611 1273 674 disco

125 719 250 802 quidem
274 717 451 800 significare
475 717 566 782 iactle
601 735 682 783 esse.
737 719 835 784 Porro
869 719 918 782 rel
954 727 1021 784 esto
1054 719 1275 802 comprehendi

48 857 51 862 ·
125 845 221 910 posse
257 827 453 910 enixionem,
494 832 524 889 at
560 835 645 890 certe
692 825 760 890 liert
791 829 914 911 nequit,
955 834 987 890 ιιι
1027 826 1065 891 ad
1099 835 1273 891 accuratum

126 943 248 1017 tempus
279 933 484 1017 significetur:
529 933 604 998 disci
628 935 707 998 enim
738 951 834 998 sonus
868 935 1014 1018 longiore
1047 935 1166 998 demum
1195 944 1276 999 tem-

128 1061 205 1124 pore
228 1041 266 1104 od
290 1057 414 1104 sensum
442 1037 534 1104 dividi
558 1059 626 1104 cum
649 1043 760 1126 possit,
796 1044 900 1106 evenit
926 1049 960 1105 ut
992 1059 1089 1125 aegre
1118 1049 1318 1109 moveatureo

127 1149 166 1213 ad
189 1165 350 1214 cacumen.
395 1145 619 1212 Documentum
651 1155 751 1212 autem
785 1148 901 1234 estid,
934 1148 1018 1232 quod
1049 1152 1080 1214 in
1112 1152 1149 1214 iis
1172 1151 1223 1234 ιιιιι
1246 1152 1277 1214 in

127 1257 303 1340 longinquo
329 1257 413 1340 ligna
445 1256 582 1320 caedunt
604 1257 796 1322 observator.
851 1257 927 1322 llam
950 1265 1021 1340 post
1050 1259 1124 1322 satis
1155 1259 1277 1322 diutar-

133 1383 203 1428 num
228 1371 349 1446 tempos
370 1382 460 1446 quam
495 1367 614 1430 securis
645 1363 777 1430 demissa
801 1373 849 1431 est
878 1367 1042 1431 exauditur
1072 1383 1168 1430 sonos
1190 1369 1279 1448 ictus,

130 1475 243 1554 qnippe
279 1473 331 1553 qui
362 1472 507 1555 longiore
543 1473 704 1537 intervallo
745 1479 889 1555 penetret
923 1475 962 1539 ad
998 1493 1067 1537 eum
1098 1475 1150 1555 qui
1185 1473 1278 1538 audit.

132 1579 218 1644 Hane
239 1578 279 1642 ob
301 1596 366 1642 rem
389 1579 483 1664 igitur
512 1597 575 1643 non
606 1580 678 1644 licet
701 1587 846 1644 accurate
876 1580 1040 1644 Chaldaeis
1068 1584 1190 1664 tempus
1221 1589 1319 1643 cir-to

135 1687 264 1750 orientis
285 1685 366 1768 signi
390 1693 421 1751 et
444 1687 527 1769 ιιιιοιι
550 1705 661 1752 revera
683 1704 741 1770 pro
767 1687 946 1771 horoscopo
969 1689 1120 1752 haboatar
1147 1689 1281 1771 assequi.

135 1793 269 1856 Tametsi
289 1813 353 1858 nou
376 1794 477 1859 solum
499 1797 596 1860 maius
619 1798 766 1879 temporie
792 1797 984 1860 intervallum
1017 1795 1181 1860 intercedit
1211 1805 1282 1879 post

136 1909 271 1985 portum,
300 1903 370 1968 dum
398 1903 441 1986 is,
464 1906 516 1986 qui
545 1903 662 1970 assidet
692 1905 889 1988 parturienti,
924 1905 995 1968 terit
1019 1905 1125 1989 disco,
1159 1903 1282 1989 deinde,

134 2017 298 2090 postquam
321 2011 418 2092 leriit,
450 2009 535 2076 audii
557 2013 607 2093 qui
630 2011 720 2076 sedet
741 2013 773 2074 in
797 2015 971 2078 cacumine:
1001 2010 1058 2076 sed
1089 2013 1179 2078 etiam
1211 2011 1281 2075 dum

134 2117 371 2199 circumspectat
393 2124 424 2182 et
444 2116 544 2182 cernit
565 2121 594 2181 iu
619 2135 680 2202 quo
705 2122 862 2203 signorum
886 2121 925 2182 sit
947 2119 1018 2184 luna
1042 2126 1073 2183 et
1094 2121 1321 2203 reliquarumao

133 2225 291 2288 stellarum
312 2227 344 2287 iu
367 2241 499 2308 quonam
522 2229 614 2311 signo
635 2228 676 2292 sit
698 2245 855 2312 ιιιιιοιιιιο,
879 2227 1058 2292 necessario
1082 2229 1283 2311 consequitur

135 2340 168 2395 ut
189 2331 312 2396 diversa
336 2335 448 2400 existet
471 2334 627 2398 stellarum
651 2334 826 2418 dispositio,
859 2353 928 2399 oum
955 2333 1019 2418 poli
1047 2343 1148 2400 motus
1170 2333 1283 2398 luetis-

135 2439 189 2504 lrili
230 2441 390 2505 eeleritate
430 2442 564 2527 lerator,
619 2451 782 2526 antequam
819 2443 944 2510 curiose
983 2443 1182 2508 observando
1228 2463 1285 2507 ae-

136 2548 383 2614 commodaverit
411 2551 478 2614 eius
514 2553 565 2633 qui
609 2551 745 2614 nascitur
778 2557 934 2618 momento
970 2567 1101 2633 eaquae
1132 2554 1163 2616 in
1195 2550 1284 2616 caclo

138 2665 328 2740 spectantur.
1293 2675 1323 2724 ac

228 2765 257 2828 5.
303 2767 336 2830 ln
359 2764 441 2829 huno
462 2765 585 2830 modum
608 2765 742 2829 absurdo
765 2763 947 2828 ostendetur
968 2761 1194 2826 Chaldaeorum
1226 2779 1286 2825 ars.

139 2873 195 2937 Sin
217 2891 292 2936 vero
316 2873 428 2938 dixerit
451 2874 600 2956 quispiam
629 2891 669 2935 ex
696 2872 989 2954 interrogationibus
1013 2872 1080 2934 elus
1100 2873 1153 2952 qui
1175 2870 1287 2934 scisci·-

139 2987 222 3045 tctur
244 2999 284 3044 ox
307 2980 464 3046 Chaldaeo
488 2999 582 3063 posse
605 2983 738 3064 perspici
761 2983 951 3066 genituram,
974 2978 1166 3044 manifestum
1190 2985 1237 3041 est
1249 2995 1288 3040 oc
1308 3006 1312 3016 ·

141 3087 201 3152 lrac
233 3089 356 3170 quldem
386 3091 508 3154 ratione
543 3091 669 3172 sesequi
702 3089 784 3154 illum
815 3105 910 3170 posse
949 3093 1125 3152 accuratum
1159 3091 1288 3168 tempus.

140 3195 263 3260 Etenim
292 3197 320 3260 si
349 3197 505 3262 celebrata
528 3205 576 3261 est
604 3205 687 3260 tanta
716 3196 836 3260 illorum
865 3194 1037 3259 dexteritas
1065 3194 1096 3256 in
1125 3200 1191 3257 arte
1220 3209 1326 3277 suaso

142 3312 173 3367 et
196 3323 236 3368 ne
259 3305 316 3388 ipsi
339 3305 460 3388 quidem
493 3311 702 3388 assequuntur
739 3311 915 3370 accuratum
948 3308 1081 3386 tempus,
1115 3301 1205 3366 sicuti
1228 3298 1288 3364 de·

143 3415 391 3496 monstrauimus,
415 3415 466 3494 qui
489 3412 613 3476 tandem
636 3415 688 3496 qui
711 3411 795 3475 rudis
818 3417 867 3474 ost
888 3410 968 3474 illius
992 3407 1288 3492 urtiscomprelreu·

143 3521 187 3585 dit
212 3521 366 3585 enixionis
388 3527 509 3602 tempus
533 3525 693 3604 accurate,
725 3519 809 3584 unde
832 3519 962 3584 edoctus
986 3517 1158 3584 Chaldaeus
1188 3517 1289 3582 lroro·

144 3649 272 3712 scopum
294 3638 381 3692 recte
402 3629 589 3692 constituat?
635 3629 748 3692 Verum
770 3645 810 3690 ue
833 3645 873 3690 ex
889 3626 1151 3709 contemplatione
1165 3625 1288 3706 quidam

144 3737 316 3802 horisontis
338 3736 453 3819 ubique
476 3735 636 3819 apparebit
658 3736 808 3800 exoriens
831 3734 939 3804 ecdem
962 3733 1066 3817 stello,
1087 3731 1145 3798 sed
1167 3739 1215 3797 est
1237 3731 1328 3802 uoto

145 3949 236 4016 coldum
255 3945 277 4004 G
295 3946 325 4003 M
475 3949 520 4002 34.
541 3945 641 4018 ocem
666 3943 779 4000 Sextus:
805 3948 927 4016 pulsem
945 3940 967 3998 G
985 3940 1016 3998 Μ
1078 3941 1229 4015 ἀναγκαῖον
1246 3959 1290 3996 our

145 4039 246 4098 Sextus
361 4041 406 4096 36.
426 4041 522 4112 dtinerp
541 4037 655 4094 Sextus:
675 4037 728 4094 ett’
748 4034 818 4094 ou
940 4037 987 4092 36.
1005 4037 1155 4109 φιρομὲνιις
1173 4033 1290 4090 Sarius:

145 4130 326 4208 ιερόμιναῦ
443 4135 487 4190 dd.
507 4135 551 4189 37.
580 4130 679 4190 Sextus
698 4131 834 4204 apertione
869 4131 933 4202 πρὶν
949 4131 1088 4202 marescis
1113 4129 1290 4201 παραπιάσι-

145 4233 211 4282 cecc
226 4227 256 4301 ιιι
273 4228 317 4281 τοῦ
335 4229 507 4301 peroptime
532 4225 591 4300 cipp
619 4225 650 4279 sd
667 4225 724 4280 κατ’
754 4223 873 4299 οὐρανὸν
896 4225 1048 4297 βλεπόμενα
1076 4222 1106 4295 S.
1127 4224 1161 4276 70
1191 4239 1217 4291 p.
1238 4221 1290 4276 ³49

144 4323 190 4378 to.
210 4321 225 4387 d
243 4317 344 4393 nepti]
380 4318 460 4374 llaec
478 4321 587 4391 prorius
606 4327 735 4390 corrupta
754 4335 814 4374 aare
834 4317 893 4376 iere
910 4317 1073 4374 senteutiam
1092 4315 1219 4368 ridentur
1237 4310 1291 4366 las-

146 4413 255 4477 baissc.
279 4429 360 4486 quam
379 4413 407 4468 in
434 4413 559 4468 versione
580 4411 773 4484 expressimus.
810 4408 868 4466 co.
888 4408 963 4466 Sext.
983 4409 1014 4484 ς
1031 4409 1067 4464 et
1183 4405 1227 4464 46.
1246 4405 1292 4468 wo*

148 4525 193 4564 om
212 4504 285 4581 prC
