3052 4984
224 297 289 362 ιτο
332 295 453 380 (ποτε.
476 296 560 383 κστ.)
687 301 783 360 ποτε
805 303 873 376 vm,
898 305 946 360 ιο.

224 470 331 553 Μέχρι
353 471 414 551 μὲν
441 463 501 530 οὖν
531 469 585 552 τῆς
615 470 671 533 τοῦ
700 471 837 554 σωτῆρος
868 467 1079 553 φανερύσεοις
1105 465 1170 531 ῦπδ
1201 470 1256 530 τοῦ
1286 467 1377 530 θεοῦ

185 577 282 640 τοτοῦ
306 574 413 658 φωτός
433 577 489 636 τοῦ
511 573 698 659 πυρώδους,
719 580 774 638 τοῦ
797 575 1006 660 δημιουργοῦ,
1028 572 1133 659 πολλή
1154 597 1200 649 τις
1214 571 1376 661 ἧνπλόνη

225 685 288 746 τῦν
310 684 442 770 ψυχῶν·
472 686 579 768 ψυχαὶ
598 683 660 767 γάρ
682 677 718 746 αἱ
740 681 825 746 ίδέαι
846 681 1038 759 καλοῦνται,
1069 681 1117 745 δτι
1148 680 1375 768 α’ποψυγετσαι
1505 717 1506 746 ι

224 791 287 851 τῶν
316 789 385 851 άνιο
414 787 451 852 έν
480 787 582 853 σκότει
609 787 800 865 διατελοῦσι,
836 788 1114 872 μεταβαλλόμεναι
1145 787 1181 853 έκ
1214 787 1375 872 σωμάτων

223 892 269 968 είς
291 895 442 977 στόματα,
474 893 539 960 όπδ
561 900 617 961 τοῦ
640 895 832 983 δημιουργοῦ
855 897 1092 982 φρουρούμενα.
1131 894 1198 960 Ὀτι
1220 896 1256 961 δὲ
1277 900 1375 962 τοῦθ’

224 999 322 1077 ούτοις
343 1001 415 1083 ἔχει,
441 1006 548 1089 φησίν,
574 1002 671 1067 ἔνεστι
693 1008 747 1067 καὶ
769 1002 804 1067 έκ
826 1007 882 1068 τοῦ
901 1001 973 1085 Ἱδβ
993 1007 1189 1089 κατανοῆσαι
1210 1003 1371 1083 λέγοντος·

185 1115 300 1173 Mai
320 1109 392 1190 έγο)
415 1109 609 1197 πλανῆτις
626 1113 691 1174 καί
706 1109 750 1175 τό
758 1111 889 1176 πονέκ
911 1110 1043 1174 τόπων
1063 1114 1371 1194 μεταβαίνουσα

222 1221 289 1281 καί
310 1217 450 1281 οίκίαν
470 1217 513 1294 ἐξ
534 1218 684 1296 οίκίας,
712 1221 843 1281 καὶτοῦ
866 1222 1003 1304 σωτῆρος
1030 1216 1188 1298 λέγοντος·
1235 1223 1311 1282 Καὶ
1331 1219 1370 1281 εί

221 1325 359 1388 θέλετε
390 1323 611 1402 δέξασθαι,
645 1322 767 1400 αύτός
800 1323 911 1388 έστιν
936 1323 1110 1400 Ἠλίαςδ
1130 1324 1286 1407 μέλλων
1307 1326 1368 1411 ἔρ-

219 1434 375 1513 χεσθαι.
413 1429 575 1512 Ὁέχων
604 1427 682 1496 ύτα
711 1428 877 1496 οἷκούειν
914 1428 1099 1496 άκουέττο.
1142 1432 1222 1496 ’And
1253 1431 1368 1496 δὲτοῦ

221 1542 359 1625 σωτῆρος
387 1538 663 1623 μετενσωμάτιοσις
694 1542 875 1616 πέπαυται,
908 1541 1011 1615 πίστις
1043 1537 1079 1604 δὲ
1108 1539 1293 1626 κηρύσσεται
1320 1541 1367 1616 τίς

185 1646 340 1730 οτᾶφεσιν
369 1644 541 1732 ἁμαρτιῶν.
604 1645 761 1711 Τοιοῦτόν
793 1668 864 1710 τινα
891 1645 1013 1733 τρόπον
1042 1644 1060 1711 δ
1091 1647 1263 1732 μονογενὴς
1296 1643 1367 1722 υἳδς

220 1753 355 1832 ἐκεῖνος,
379 1751 396 1818 ό
419 1757 482 1819 τύν
504 1754 635 1818 αίάνιυν
658 1754 792 1818 ἄνωθεν
812 1755 869 1829 τὰς
890 1753 981 1828 ίδέας
1002 1753 1209 1837 βλέποντός
1231 1755 1366 1820 ἄνωθεν

19 1841 20 1904 Ϊ
150 1935 153 1939 ,
219 1860 501 1944 μεταβαλλομένας
522 1860 558 1925 έν
578 1871 643 1936 τοῖς
661 1871 831 1936 σκοτεινοῖς
848 1857 989 1944 στόμασι,
1011 1859 1177 1946 ῥύσασθαι
1196 1861 1364 1926 κατελθών

219 1966 389 2054 η’έίέλησεν.
432 1966 538 2042 Είδύς
560 1966 611 2045 δέ,
636 1967 683 2031 δτι
702 1968 737 2032 τό
760 1967 918 2054 πλήρωμα
940 1973 1003 2032 τῶν
1024 1967 1111 2033 ὅλοιν
1133 1968 1264 2034 αίοίνιτν
1286 1968 1362 2034 οὐδὲ

219 2071 250 2139 οἳ
285 2076 400 2150 αίῶνες
436 2072 565 2160 α’ῦρόον
599 2073 680 2138 ίδείν
717 2071 947 2158 ὑπομένουσιν,
992 2074 1078 2139 άλλά
1112 2076 1364 2157 καταπλαγέντες

182 2177 251 2244 ίυοί
273 2185 418 2267 φθαρτοὶ
440 2181 577 2267 φθοράν
607 2179 817 2265 ύπομένουσι,
847 2185 977 2268 μεγέθει
1008 2187 1062 2246 καὶ
1090 2183 1168 2276 δόξη
1194 2183 1363 2270 δυνάμεως

218 2289 478 2377 κατειλημμένοι,
501 2289 662 2366 συστείλας
684 2289 798 2354 ἑαυτόν
820 2289 863 2366 τίς
885 2288 1052 2377 α’στραπην
1071 2295 1216 2378 μεγίστην
1229 2291 1266 2356 έν
1284 2291 1361 2356 έλα-

216 2400 310 2485 χίστιμ
334 2397 471 2480 σάματι,
494 2396 680 2481 μᾶλλονδὲ
703 2397 968 2485 ύςφύςόψεως
996 2397 1062 2463 ύπδ
1091 2410 1156 2476 τοῖς
1184 2399 1360 2486 βλεφάροις

219 2503 485 2589 συνεσταλμένον,
515 2505 680 2583 ἐξικνεῖται
711 2508 820 2591 μέχρις
849 2503 1006 2593 ούρανοῦ,
1039 2511 1094 2571 καὶ
1125 2511 1189 2572 τῶν
1219 2509 1360 2594 άστέρων

216 2614 405 2701 ἐπιψαύσας
426 2615 489 2677 τιῦν
508 2613 576 2677 έκεί
593 2613 696 2677 πάλιν
712 2611 827 2677 ἑαυτὸν
843 2613 1001 2678 συστέλλει
1015 2613 1079 2679 ύπδ
1101 2626 1166 2691 τοῖς
1184 2615 1360 2702 βλεφάροις

181 2724 270 2806 τοτῆς
293 2721 403 2806 ὄψεως
426 2721 477 2785 ὅτε
496 2719 657 2803 βούλεται.
682 2725 745 2784 Καὶ
764 2724 855 2784 τοῦτο
880 2724 996 2785 ποιοῦν
1016 2720 1052 2787 τό
1076 2727 1146 2808 φῶς
1167 2728 1219 2809 τῆς
1240 2724 1358 2812 ὄψεως,

216 2833 270 2892 καὶ
290 2832 436 2914 πανταχῆ
457 2826 627 2910 γινόμενον
648 2832 702 2891 καλ
722 2829 846 2905 πάντα,
877 2827 953 2915 ἡμῖν
979 2828 1064 2892 ἐστιν
1084 2828 1228 2914 α’φανές,
1258 2831 1359 2915 μόνον

216 2935 252 3000 δὲ
283 2937 407 3022 δρῶμεν
438 2935 527 3021 ἡμεῖς
560 2937 671 3024 ὄψεως
701 2935 873 3021 βλέφαρα,
905 2938 1051 3013 κανῦούς
1079 2937 1228 3016 λευκούς,
1257 2939 1359 3022 ύμένα

213 3040 311 3129 εδρύν
337 3042 544 3123 πολύπτυχον
572 3041 812 3129 πολυκτηδύνα,
845 3047 964 3124 χιτῶνα
992 3045 1203 3133 κερατοΙειδῆ,
1235 3043 1358 3110 ὑπὸδὲ

213 3155 324 3217 τοῦτον
355 3150 454 3240 κόρην
486 3149 649 3237 ραγοειδῆ,
690 3149 998 3238 α’μφιβληστροειδῆ,
1033 3152 1211 3239 δισκοειδῆ,
1247 3159 1301 3217 καὶ
1330 3157 1361 3217 εἴ
1401 3223 1403 3228 ,

177 3273 294 3334 ευπνες
315 3257 411 3325 ἄλλοι
431 3261 486 3324 τοῦ
507 3258 612 3344 φωτδς
633 3262 685 3344 τῆς
707 3257 817 3346 ὄψειύς
839 3259 899 3322 είσι
919 3262 1065 3339 χιτῶνες,
1089 3261 1144 3336 οῦς
1157 3259 1357 3348 έστολισμένη

214 3369 395 3454 κέκρυπται.
442 3365 564 3444 Ούτως,
589 3369 701 3452 φησίν,
732 3365 944 3452 δμονογενὴς
966 3377 1044 3442 πατς
1066 3367 1200 3432 ἄνωθεν
1229 3369 1358 3444 αίοίνιος

212 3475 467 3560 ἐπενδυσάμενος
489 3475 569 3538 κατὰ
590 3477 649 3538 ἕνα
669 3477 801 3538 ἕκαστον
821 3476 877 3537 τοῦ
899 3476 1001 3562 τρίτου
1023 3474 1142 3550 αίτῦνος
1164 3476 1280 3555 αίιῦνα,
1303 3481 1358 3540 καὶ

212 3582 383 3665 γενόμενος
403 3582 440 3647 έν
460 3580 661 3667 τριακοντάδι
683 3581 812 3644 αίιόνιον
833 3580 984 3666 είσῆλθεν
1005 3581 1051 3656 είς
1063 3580 1155 3646 τόνδε
1168 3582 1223 3646 τόν
1237 3579 1357 3666 κόσμον

213 3690 391 3776 τηλικοῦτος
418 3692 482 3767 οἷν,
518 3689 628 3775 ἡλίκον
657 3691 805 3772 εἴπομεν,
840 3687 986 3774 ἀφανής,
1022 3689 1195 3768 ἄγνωστος,
1229 3689 1355 3768 ἄδοξος,

176 3797 452 3882 οτύπιστούμενος.
508 3797 564 3862 'lv’
593 3793 666 3874 οῦν,
702 3801 803 3882 φασὶν
821 3793 867 3882 χοῖ
900 3799 1054 3882 Δοκηταί,
1088 3801 1142 3860 καί
1177 3799 1211 3860 τό
1249 3797 1358 3872 σκότος

212 3903 421 3992 έπενδύσηται
443 3905 478 3970 τό
499 3903 671 3991 έξιύτερον,
694 3905 750 3991 τὴν
771 3903 876 3989 σάρκα
899 3906 1013 3990 φησίν,
1044 3903 1177 3983 ἄγγελος
1204 3903 1356 3969 συνοδεύ-

211 4034 271 4090 σας
293 4012 380 4102 αύτῷ
408 4014 541 4078 ἄνωθεν
569 4014 624 4099 την
653 4011 795 4099 Μαριάμ
825 4007 1062 4096 εὐηγγελίσατο,
1093 4014 1206 4098 φησίν,
1231 4010 1274 4086 ὠς
1301 4015 1356 4093 γέ-

211 4145 362 4212 γραπται.
402 4119 577 4206 Ἐγεννήθη
597 4121 631 4184 τό
653 4119 690 4196 έξ
716 4115 813 4204 αύτῆς
830 4116 874 4193 ὥς
894 4119 1079 4205 γέγραπται.
1133 4121 1296 4204 Γεννηδὲν
1317 4119 1355 4183 δὲ

282 4297 327 4351 29.
345 4291 468 4351 ένεοττῦ
619 4293 663 4348 30.
684 4293 728 4348 31.
756 4290 815 4346 Ιοίι.
840 4294 867 4357 2,
892 4295 919 4347 9.
952 4331 959 4347 .
981 4331 988 4347 .
1014 4293 1061 4348 καί
1086 4293 1138 4366 ἐγώ
1164 4293 1287 4361 πίανῆος
1308 4293 1356 4348 καί

210 4389 299 4462 λάτρις
318 4390 400 4444 τύπον
416 4391 445 4443 λιι
462 4387 543 4442 τόπου
561 4388 752 4461 περιερχομόνη
771 4387 818 4440 καί
834 4389 922 4440 οἰκίαν
940 4389 967 4449 ίξ
985 4388 1070 4448 οἰκίας
1091 4406 1116 4440 κ.
1135 4406 1155 4439 τ.
1168 4389 1192 4440 λ.
1309 4387 1353 4442 30.

210 4477 342 4557 πλανῆτις]
373 4480 501 4549 πλανήτης
524 4475 545 4534 C
695 4480 824 4534 31-33.
849 4477 946 4533 Μοίίίτ.
976 4479 1016 4545 ίί,
1045 4481 1086 4535 14.
1113 4481 1155 4534 15.
1308 4475 1354 4532 39.
