2920 4982
437 286 676 350 cuuouotoutt
706 285 858 346 tuuaton.
1155 283 1217 350 535

70 459 184 524 liberis
225 458 396 542 horumque
433 455 527 521 tribus
567 455 744 522 mulieribus
785 455 893 541 eiiugit
933 455 1098 543 dituvtum,
1137 457 1220 540 quod

70 569 281 654 factumest,
311 571 342 633 in
372 586 443 633 aros
467 575 625 652 servatus,
655 569 742 632 ouius
765 576 796 632 et
819 585 984 632 mensurae
1009 575 1040 630 et
1060 567 1219 655 reliquiae,

70 677 166 744 sicuti
189 679 403 762 exposuimus,
432 675 532 740 sdhuo
554 695 653 758 usque
677 683 886 740 monstrantur
905 678 937 740 in
960 677 1114 742 montibus
1137 676 1220 742 Are-

71 793 124 850 rat
163 786 299 867 vocetis,
338 785 391 866 qui
427 791 498 848 sunt
534 783 765 849 Adiabenorum
796 786 957 867 regionem
996 803 1114 848 versus.
1166 785 1259 854 ln-tt

70 896 217 978 toltigere
239 897 333 980 igitur
353 894 423 960 lieet
445 895 499 980 iis,
536 894 587 975 qui
621 893 761 958 studiose
796 901 937 978 speeture
972 895 1096 980 volunt,
1130 913 1220 979 quern

73 1011 183 1088 aperte
214 1004 425 1069 demonstrate
450 1005 489 1067 sit
519 1002 569 1068 dei
602 1003 754 1069 cultorum
788 1023 866 1088 gens
896 1005 1045 1068 vetustior
1079 1005 1220 1070 omnibus

74 1114 257 1200 Chaldaeis,
284 1114 463 1199 Aegyptiis,
495 1113 632 1179 Graecis.
687 1114 765 1189 Quid
788 1122 888 1179 autern
913 1133 968 1178 ros
997 1133 1136 1198 quoque,
1168 1116 1220 1198 qui

72 1231 147 1290 ente
169 1224 237 1290 nos
260 1223 402 1309 fuerunt,
427 1230 457 1287 et
480 1223 613 1288 cultores
638 1231 669 1288 et
691 1222 858 1307 discipulos
881 1225 931 1288 dei
955 1225 1115 1289 nominare
1138 1243 1220 1288 nuno

72 1341 213 1417 oportet,
245 1353 312 1397 eum
340 1333 469 1399 sufficiet
496 1331 599 1416 quoad
621 1352 686 1396 rem
710 1335 899 1418 propositam
922 1333 983 1398 hoo
998 1333 1045 1398 de
1067 1340 1257 1412 vetustatem

70 1442 306 1508 testimonium?

161 1548 213 1614 31.
257 1547 319 1614 Sed
342 1547 483 1628 quoniam
507 1565 570 1611 non
594 1554 718 1631 praeter
739 1565 805 1612 rem
837 1567 909 1612 esse
942 1547 1064 1612 videtur
1086 1548 1220 1613 demon-

71 1665 174 1722 strare
195 1656 250 1722 hus
272 1657 305 1720 in
324 1657 493 1738 sapientire
511 1655 620 1720 studiis
644 1663 784 1721 versatus
806 1663 918 1740 gentes
939 1633 1130 1739 posteriores
1147 1676 1217 1722 esse

71 1783 165 1848 quant
189 1763 240 1828 dei
268 1763 419 1850 cultores,
444 1783 542 1829 exre
566 1771 614 1828 est
640 1763 764 1848 dicere,
797 1771 828 1827 et
854 1763 938 1827 unde
970 1784 1069 1850 genus
1102 1785 1218 1851 eorum,

73 1881 106 1939 et
134 1871 257 1957 quando
289 1873 377 1954 ipsae
407 1873 648 1956 commigrantes
678 1871 708 1934 in
743 1868 799 1934 tas
833 1871 982 1954 regiones
1010 1892 1124 1936 nomon
1155 1893 1252 1942 nonos

73 2003 115 2047 ex
143 1984 217 2065 ipsis
243 1981 425 2066 regionibus
457 1981 655 2063 roceperint,
688 1977 743 2042 sed
773 1980 859 2062 ipsse
898 1981 1069 2045 adiecerint
1099 2001 1140 2044 ex
1169 1983 1217 2065 iis,

72 2094 125 2177 qui
147 2094 245 2175 primo
270 2093 328 2154 orti
351 2098 422 2155 sunt
445 2095 475 2154 et
497 2090 701 2155 incoluerunt.
745 2087 920 2154 Nascuntur
948 2090 1017 2154 Noe
1041 2101 1104 2156 tres
1130 2094 1218 2174 pueri

70 2206 159 2289 Sem,
183 2200 295 2286 Cham,
318 2199 463 2284 lepisti,
493 2219 533 2263 ex
555 2199 603 2263 his
626 2201 802 2262 universum
825 2218 925 2283 genus
947 2199 1103 2265 hominum
1128 2221 1219 2267 oom-

69 2314 185 2397 pietum
209 2317 259 2374 est
279 2318 309 2374 et
334 2327 476 2392 quaeque
499 2309 588 2392 regio
613 2307 772 2385 ineolitur3
806 2307 932 2372 verburn
962 2312 1041 2372 enim
1066 2310 1116 2374 dei
1142 2331 1216 2395 erga

70 2439 129 2488 eos
149 2420 275 2486 invainit
298 2417 445 2482 dicentis:
474 2419 613 2482 Crescite
639 2425 671 2480 et
690 2418 936 2499 multiplicamini
957 2427 989 2481 et
1007 2421 1124 2502 replete
1146 2429 1256 2489 ter-'tu

70 2553 149 2597 rum.
192 2531 319 2594 Tantum
343 2547 411 2592 oum
433 2527 565 2593 valuerit
587 2545 679 2591 unum
710 2526 853 2611 verbum,
886 2536 1076 2612 generentur
1097 2547 1136 2592 ex
1159 2529 1217 2592 tri-

72 2643 130 2706 bus
161 2641 218 2704 iilis
251 2640 340 2722 pueri
367 2639 397 2701 in
433 2655 552 2722 genere
589 2637 641 2719 72,
670 2655 710 2700 ex
742 2637 813 2701 Sem
842 2637 894 2724 25,
927 2655 967 2700 ex
1001 2637 1127 2722 lepheth
1167 2636 1216 2722 15,

71 2773 90 2816 e
123 2751 216 2816 Citam
251 2747 303 2812 32.
371 2746 464 2812 chem
503 2755 604 2810 autem
645 2753 813 2812 nascuntur
848 2746 936 2829 pueri
972 2766 1011 2810 ex
1049 2747 1216 2830 praedictis

70 2859 113 2924 32
130 2859 175 2922 hi:
200 2856 359 2937 chanaon,
381 2874 420 2918 ex
442 2872 504 2937 quo
527 2853 720 2938 Chenaneei,
744 2853 895 2938 diesraim,
919 2872 959 2916 ex
979 2873 1041 2937 quo
1062 2855 1216 2940 Aegyptii,

72 2967 170 3051 ctus,
194 2984 233 3029 ex
256 2981 318 3046 quo
341 2960 528 3044 Aethiopum,
551 2960 665 3042 Phuth,
694 2978 817 3042 exque
839 2961 962 3045 Libyes.
1020 2963 1057 3026 lli
1079 2965 1255 3045 ipsorumpg

69 3079 176 3162 lingua
198 3074 299 3138 adhue
322 3091 420 3154 usque
447 3088 635 3154 proavorum
665 3071 791 3134 nomine
816 3080 982 3156 vocantur,
1013 3073 1133 3137 Graece
1156 3091 1215 3136 au-

70 3195 132 3250 tern
157 3185 267 3267 quibus
290 3201 373 3246 nuno
397 3180 572 3245 nominibus
595 3181 698 3244 vocati
720 3187 791 3244 sunt
814 3183 1018 3246 nominentur.
1063 3183 1116 3248 Sin
1138 3200 1215 3246 vero

69 3313 173 3378 neque
195 3294 303 3358 horum
326 3293 474 3375 regiones
498 3297 588 3353 entes
618 3290 753 3354 inoultee
780 3297 866 3374 sunt,
899 3310 1003 3373 neque
1026 3312 1044 3356 s
1065 3293 1214 3374 principio

70 3422 170 3491 genus
192 3403 348 3468 hominum
372 3400 561 3482 ostenditur,
584 3398 615 3462 hi
638 3407 739 3462 nutem
764 3399 813 3462 titii
836 3399 904 3464 Noti
925 3400 983 3464 viri
1014 3399 1065 3463 dei
1091 3400 1215 3464 cultoris

69 3516 161 3599 fiunt,
193 3513 245 3595 qui
268 3519 299 3575 et
322 3513 389 3592 ipse
413 3507 580 3590 discipulus
611 3507 709 3571 iaetus
734 3517 782 3571 est
805 3509 940 3572 virorum
971 3509 1021 3572 dei
1053 3510 1253 3594 cultorum,30

70 3643 130 3706 qua
150 3621 189 3686 de
212 3637 322 3683 onussa
343 3616 451 3700 eiiugit
471 3635 612 3698 magnam
638 3634 738 3698 aquae
760 3619 974 3698 temporariam
998 3622 1215 3685 commiuatio-

70 3751 158 3796 nem:
182 3729 286 3812 quidni
308 3729 493 3791 vetustiores
517 3733 607 3789 erant
628 3725 678 3790 dei
702 3725 836 3789 cultores
860 3745 949 3808 quam
967 3731 1102 3792 universi
1119 3730 1215 3794 Chal-

72 3843 158 3926 deei,
184 3838 349 3922 Aegyptii,
374 3835 499 3921 Graeci,
523 3852 652 3917 quorum
676 3843 761 3916 pater
785 3853 825 3897 ex
846 3834 906 3900 hoe
928 3836 1054 3920 iapheth
1077 3858 1213 3922 genere-

71 3960 137 4033 tur,
160 3945 414 4027 nominativae,
437 3960 559 4025 exque
583 3941 693 4005 Graeci
716 3947 747 4005 et
770 3941 882 4006 iones?
927 3944 980 4009 Sin
1004 3965 1079 4009 vero
1103 3955 1213 4029 gentes

72 4061 154 4123 eirca
175 4052 388 4138 philosophiae
410 4052 541 4116 studium
573 4058 715 4114 versutae
745 4052 838 4117 multo
862 4053 998 4118 iuniores
1022 4074 1111 4137 quum
1134 4075 1211 4140 gens
1220 4075 1250 4126 ep

71 4230 116 4286 80.
131 4219 166 4298 'spi
184 4217 280 4303 ὤιον]
299 4213 346 4298 ᾗ·
363 4219 528 4278 rodrooCM
582 4219 825 4295 Xornrir]XdpsG
877 4223 922 4279 81.
937 4221 1072 4300 Μεσραΐμ]
1083 4227 1212 4297 μετραείμ

73 4317 108 4375 G:
126 4320 262 4391 Μεζραείμ
280 4314 309 4373 Μ
380 4315 427 4371 84.
447 4311 597 4388 Sequentia
618 4315 759 4369 recensuit
772 4313 928 4368 Bunsenius
948 4313 975 4366 in
993 4316 1109 4368 Anaieet.
1129 4317 1211 4370 Ante-

74 4411 247 4470 nicerattet.
259 4413 281 4466 l.
290 4411 384 4484 psit.
393 4427 452 4483 sqq.
498 4409 542 4463 85.
553 4406 692 4485 86.γε’νος]
700 4405 827 4480 γένουςῦ
871 4409 916 4464 89.
929 4405 1071 4484 θεοσεβεῖς]
1082 4411 1211 4464 atemot-

70 4514 123 4584 ῥιῖς
141 4524 216 4584 auep.
224 4506 361 4582 Ssuppiur
373 4504 436 4562 ooli.
448 4503 497 4560 liu.
507 4504 541 4562 69
602 4505 645 4558 92.
665 4497 1210 4581 ιναποσχοληθέντα]ἀναπασχολῃθένταῦ
