2920 4982
604 347 731 408 tttunut.
1187 341 1251 408 49³

97 513 199 578 facile
223 522 271 578 est
293 513 440 598 cognito,
472 533 561 597 quem
589 514 723 580 honeste
756 525 788 582 et
816 517 965 601 religiose
996 516 1057 581 deo
1087 517 1254 582 offerentes

96 620 253 700 primitias
277 637 398 698 eorum,
428 635 508 701 quse
539 618 576 682 ab
607 619 675 702 ipso
707 621 737 684 in
767 641 854 685 usum
879 629 911 684 et
935 620 1128 686 commodum
1151 621 1293 686 homi-20
1414 635 1417 642 ⁴

97 743 178 788 num
203 726 318 790 donata'
338 734 425 809 suut,
446 727 513 790 eius
535 728 619 791 iussu
644 727 784 792 ordinale
807 735 838 792 et
861 728 984 794 assidue
1007 730 1253 794 ministraverint.

98 829 223 898 Horum
254 839 356 920 autem
385 832 486 915 ulique
516 833 687 898 Sadducaei
717 845 846 921 negant;
877 837 985 900 nolunt
1015 838 1095 899 enim
1127 840 1255 920 angelos

98 939 157 1004 vel
180 941 303 1023 spiritus
327 947 444 1006 extare.
490 939 604 1005 Omnes
634 950 736 1007 autem
764 943 855 1008 simili
888 944 982 1008 modo
1014 943 1164 1008 Christum
1194 963 1256 1008 ex-

101 1055 271 1133 spectant,
294 1068 363 1113 cunr
387 1049 439 1112 lex
462 1057 494 1142 el
516 1049 688 1133 prophetae
720 1050 923 1116 adventurum
952 1052 1255 1133 praenunciaveriul,

101 1155 213 1221 ludaei
250 1165 351 1222 autem
388 1165 508 1241 ternpus
542 1159 608 1223 cius
639 1159 789 1224 adventus
822 1179 886 1224 uon
917 1162 1120 1243 agnoverint,
1154 1161 1194 1223 ita
1224 1168 1295 1224 utro

102 1273 270 1329 remaneat
292 1265 428 1347 suspicio
453 1265 646 1352 putantibus,
676 1285 727 1352 ea,
755 1286 834 1350 quee
866 1267 905 1332 de
929 1267 1062 1332 adventu
1086 1269 1152 1331 eius
1176 1267 1256 1333 dicta

103 1381 198 1456 sunt,
228 1392 290 1438 non
328 1392 398 1438 esse
434 1373 573 1456 impleta,
610 1380 793 1456 exspectent
826 1384 927 1456 autem
958 1377 1018 1438 iam
1056 1373 1257 1438 adventurum

107 1479 282 1564 Christum,
317 1483 388 1563 quia
422 1499 491 1546 eum
526 1500 594 1544 oum
626 1481 750 1546 advenit
785 1499 848 1546 non
878 1481 1077 1566 agnoverint,
1108 1489 1139 1545 et
1169 1483 1258 1566 signa

105 1595 281 1672 temporum
310 1587 394 1672 quod
428 1591 488 1653 iam
516 1589 648 1653 adiuerit
674 1589 815 1653 videntes
844 1588 1061 1671 perturbentur
1090 1595 1121 1652 et
1143 1588 1259 1671 pudeat

106 1713 167 1762 eos
189 1696 328 1760 confiteri
352 1715 421 1762 eum
444 1699 584 1782 venisse,
608 1699 752 1779 quoniam
775 1697 839 1762 suis
864 1696 1004 1762 manibus
1028 1715 1097 1762 oum
1119 1712 1296 1764 recavo-to

107 1803 189 1886 rint,
212 1804 360 1886 indignati
393 1821 461 1868 com
493 1803 593 1868 abeo
617 1807 898 1890 convincerentur,
931 1803 1015 1888 quod
1044 1804 1167 1888 legibus
1195 1822 1258 1870 nou

109 1910 335 1978 obedivisseut.
380 1911 418 1976 Et
440 1931 529 1998 eum,
561 1915 612 1995 qui
635 1915 675 1978 ita
698 1914 809 1979 missus
832 1921 880 1976 est
903 1933 919 1976 a
944 1912 1025 1998 deo,
1057 1913 1138 1976 bunc
1167 1911 1258 1978 clri-

109 2026 190 2084 stum
211 2039 273 2085 noo
298 2038 368 2084 esse
390 2021 509 2105 dicunt,
534 2028 695 2085 venturum
718 2030 819 2088 eutem
851 2039 921 2086 esse
949 2020 1055 2106 alium,
1088 2023 1139 2103 qui
1175 2039 1258 2085 non-

111 2126 182 2191 dum
208 2134 308 2213 extet,
331 2130 361 2192 in
385 2146 476 2212 quoru
500 2127 614 2192 cedere
638 2130 725 2213 signe
758 2147 798 2192 ex
826 2135 934 2214 parte,
966 2135 1117 2211 quotquot
1145 2127 1197 2192 lex
1228 2135 1259 2192 et

109 2235 284 2320 prophetae
306 2215 648 2320 praemonstrareruul,
672 2236 874 2322 confitentur,
905 2236 1005 2318 aliqua
1035 2243 1134 2301 autem
1166 2237 1297 2300 etiamst

112 2344 280 2410 errabundi
303 2347 489 2427 opinantur3
510 2361 643 2427 namque
667 2347 900 2430 generationem
935 2345 1002 2410 eius
1032 2345 1160 2408 loturam
1189 2363 1259 2408 asse

112 2451 216 2517 dicunt
239 2471 279 2516 ex
300 2471 419 2537 genere
438 2451 544 2538 David,
566 2470 629 2516 nou
653 2458 754 2517 autem
778 2472 796 2516 e
820 2454 941 2538 virgine
964 2459 995 2516 el
1016 2453 1121 2536 spiritu
1140 2461 1259 2538 sancto,

113 2561 170 2624 sed
193 2580 211 2625 e
236 2561 363 2626 muliere
388 2569 419 2624 et
441 2563 528 2646 viro,
558 2561 650 2625 sicuti
682 2562 825 2627 omnibus
857 2561 1012 2627 definitum
1044 2565 1084 2628 sit
1116 2564 1260 2647 generari

116 2689 156 2734 ex
188 2672 326 2756 semine,
361 2670 493 2735 latentes
525 2670 607 2734 bunc
638 2671 771 2734 tutorum
804 2689 876 2736 esse
904 2689 1011 2756 regern
1042 2690 1137 2754 super
1163 2673 1260 2757 ipsos,

115 2781 211 2844 virum
234 2778 467 2863 belligerantem
493 2798 529 2844 ao
551 2787 726 2865 potentem,
752 2783 820 2865 qui,
852 2779 902 2845 ubi
925 2781 1167 2865 congregaverit
1188 2781 1299 2844 oni-to

115 2907 236 2953 varsurn
259 2887 403 2972 populum
426 2887 610 2953 ludaeorum
640 2905 812 2970 omnesque
838 2887 970 2972 populos
1001 2889 1080 2952 bello
1100 2905 1262 2980 'persecu-

115 3003 163 3060 tus
189 2996 298 3081 luerit,
321 2997 502 3078 instaurabit
527 2999 564 3060 iis
586 2997 797 3080 Hierosolyma
820 2997 926 3062 urbenr
948 2999 1085 3082 regiam,
1116 2998 1147 3061 in
1171 3015 1262 3080 quam

116 3105 321 3190 congregabit
354 3107 529 3170 universum
559 3105 703 3188 populum
735 3113 766 3168 et
797 3124 903 3170 rursus
935 3105 974 3170 ad
1005 3108 1125 3188 priscos
1158 3124 1262 3170 mores

116 3213 241 3278 reducet
264 3214 445 3296 fungentem
471 3216 560 3299 regio
585 3221 616 3278 et
639 3214 827 3299 sacerdotali
856 3232 984 3279 munere
1015 3222 1045 3280 et
1074 3213 1262 3280 habitantem

116 3323 146 3387 in
168 3322 353 3388 confidentia
375 3341 432 3406 per
454 3325 529 3388 satis
551 3324 645 3406 longa
668 3331 826 3406 tempora;
849 3331 910 3387 tum
928 3305 1169 3387 insurrecturum
1191 3341 1300 3394 essem

118 3431 225 3496 bellum
257 3440 364 3498 contra
396 3451 451 3496 eos
486 3439 712 3517 congregatum
748 3434 779 3495 in
809 3432 860 3495 illo
897 3431 979 3496 bello
1017 3448 1158 3496 casurum
1191 3451 1262 3496 esse

118 3538 267 3604 Christum
290 3560 347 3623 per
370 3541 523 3625 gladium,
552 3549 613 3606 tum
642 3540 723 3605 baud
755 3543 794 3604 ita
827 3541 922 3604 mullo
952 3547 1022 3623 post
1048 3559 1262 3606 successuram

119 3667 187 3712 esse
208 3651 501 3714 consummationem
526 3670 562 3715 uc
587 3650 841 3733 deflagrationem
865 3651 1019 3734 universi,
1048 3659 1078 3714 et
1112 3653 1151 3715 ita
1183 3669 1262 3734 quae

120 3757 155 3820 de
177 3761 411 3822 resurrectione
434 3761 599 3843 opinentur
622 3761 791 3842 perlectum
814 3761 869 3844 iri,
896 3759 1122 3841 mercedesque
1150 3761 1262 3842 cuique

10 3881 13 3888 ·
119 3873 205 3947 prout
229 3869 330 3949 egerit
352 3868 496 3932 tribulum
520 3870 567 3932 iri.
1271 3879 1302 3932 ⁶⁰

200 3975 252 4040 31.
299 3976 450 4040 Videntur
472 3977 562 4041 nobis
584 3977 774 4041 sullicienter
798 3976 932 4040 omnium
965 3983 997 4040 el
1019 3975 1206 4040 Graecorum
1231 3982 1264 4038 el

120 4083 316 4149 barbarorum
340 4085 449 4168 placita
473 4103 544 4150 esse
567 4089 707 4169 expositu
720 4136 728 4170 ,
751 4085 887 4168 nihilque
907 4088 1093 4150 remansisse
1115 4082 1263 4147 irrefuta-

120 4267 181 4346 ἐπεὶ]
200 4269 283 4326 duic
434 4273 478 4328 42.
498 4272 542 4326 4³.
560 4275 598 4333 ιλς
615 4269 646 4326 ὃν
663 4269 703 4347 τὰ]
727 4275 764 4334 sic
783 4273 845 4327 ὄντα
864 4269 886 4326 C
905 4270 935 4326 Μ
1050 4271 1094 4325 tt.
1115 4269 1262 4348 λνμλρονς]

122 4363 265 4420 Exciditue
283 4365 447 4420 vocabulum
467 4365 653 4437 danngrcduc
670 4365 715 4420 rel
734 4367 788 4422 tale
808 4363 896 4438 quid?
1010 4365 1055 4418 44.
1080 4363 1263 4442 πλανώμενοι]

122 4456 297 4530 πλονολμινον
321 4455 344 4512 C
483 4459 528 4513 47.
554 4461 689 4530 γινᾶσθοι
713 4456 735 4513 C
884 4459 928 4512 bb.
959 4457 1094 4529 μαχαίρῃ]
1121 4459 1266 4530 μαχοίρᾳῖ

123 4553 162 4606 60.
181 4551 339 4620 &rubricabat
357 4549 379 4606 C
502 4549 716 4622 ἀπολελοιπέναι]
743 4549 938 4604 &nutriverim
955 4545 992 4602 Cr
1018 4547 1218 4603 ἀπολελοιπέναι
1235 4546 1264 4603 Μ
