3052 4984
669 286 838 347 occurre.
1061 243 1066 256 ’
1245 283 1308 350 415

162 447 234 513 talie
258 449 408 531 professi:
430 449 528 514 Deum
551 451 679 532 primum
702 468 791 536 esse,
813 460 957 534 tanquam
984 469 1094 516 semen
1125 455 1164 518 sit
1194 451 1313 517 arboris

167 553 233 641 tici,
268 555 478 641 magnitudine
511 557 634 640 quidem
674 576 801 640 prorsus
838 559 1009 640 minimum,
1045 560 1183 641 potentia
1212 568 1312 623 autem

168 663 332 748 inlinitum,
363 662 483 728 humilis
520 665 719 749 magnitudo,
752 666 912 728 innumera
950 664 1159 751 multitudine,
1190 665 1229 731 ad
1252 683 1351 750 ge-to

166 772 358 834 nerutionem
391 771 568 856 sufficiens,
602 773 801 836 metuentium
835 772 1010 858 refugium,
1041 773 1195 840 nudorum
1217 784 1312 858 tegu-

167 883 316 962 mentum,
352 878 490 961 pudendi
532 879 753 962 velamentum,
791 879 907 944 tructus
940 883 1112 964 quaesitus,
1147 882 1185 947 cd
1220 901 1310 964 quem

167 987 251 1048 venit
276 1004 451 1071 quaerens,
472 987 587 1068 inquit,
618 994 665 1052 ter
695 992 726 1048 et
756 1005 819 1050 non
848 989 984 1070 invenit;
1014 997 1179 1072 propterea
1209 989 1310 1054 mule-

167 1091 256 1177 dixit,
279 1093 390 1178 inquit,
414 1095 518 1159 arbori
541 1096 606 1179 lici,
637 1097 709 1178 quia
732 1093 851 1158 dulcem
873 1096 955 1159 illum
980 1097 1109 1160 lruotum
1132 1115 1195 1160 non
1217 1095 1311 1159 inve·

165 1200 210 1263 nit
231 1203 262 1263 in
287 1219 334 1286 ea,
358 1202 488 1266 fructum
511 1204 692 1284 quaesitum.
736 1202 817 1266 Talis
840 1211 940 1267 eutem
963 1221 1030 1266 cum
1054 1205 1105 1286 sit,
1128 1211 1159 1267 ut
1181 1203 1347 1272 strictimne

167 1305 322 1392 dicamus,
345 1315 526 1393 tantusque,
549 1307 608 1373 lroc
633 1315 681 1373 est
702 1326 814 1392 parvus
835 1317 867 1373 et
889 1311 1020 1374 minutus
1049 1309 1216 1376 secundum
1240 1310 1309 1375 illos

165 1414 251 1500 deus,
274 1416 404 1481 mundus
428 1418 525 1481 lactus
549 1425 616 1502 est,
639 1425 673 1482 ut
695 1417 753 1480 illis
775 1417 891 1501 placet,
921 1419 951 1480 in
974 1416 1057 1481 bunc
1079 1418 1145 1482 lere
1168 1416 1307 1481 modum:

164 1523 327 1606 Postquam
350 1526 426 1589 remi
449 1526 568 1589 arboris
591 1526 639 1588 lici
663 1525 763 1589 teneri
786 1525 856 1588 lacti
878 1530 969 1608 sunt,
992 1534 1201 1607 provenerunt
1223 1524 1308 1608 lolia,

163 1630 253 1695 sicuti
274 1632 380 1695 videre
404 1632 492 1716 licet,
516 1631 629 1695 deinde
651 1637 751 1696 autem
775 1631 908 1717 tructus,
942 1635 974 1696 in
1006 1650 1067 1714 quo
1097 1631 1245 1696 infinitum
1278 1638 1309 1694 et

163 1739 385 1802 innumerabile
412 1740 603 1804 reconditum
635 1739 806 1803 custoditur
835 1757 942 1802 semen
977 1739 1063 1802 licus.
1120 1739 1190 1803 'iria
1216 1739 1346 1822 igiturne

163 1861 234 1906 esse
260 1844 434 1927 opinamur,
458 1863 538 1925 quae
558 1844 657 1927 primo
680 1863 697 1907 a
720 1845 838 1908 semine
868 1841 1000 1908 ficulneo
1031 1845 1201 1907 extiterint:
1232 1843 1308 1906 stir-

164 1969 250 2034 pem,
279 1935 360 2032 quae
384 1959 431 2016 est
454 1953 546 2017 orbor
568 1951 632 2029 lici,
663 1950 737 2015 lolia
761 1957 792 2013 et
815 1951 961 2034 trucium,
992 1950 1053 2014 hoc
1076 1958 1124 2014 est
1145 1950 1252 2034 licum,
1275 1959 1307 2015 ut

163 2065 252 2121 antea
281 2057 420 2124 diximus.
475 2058 532 2142 lte,
563 2060 674 2140 inquit,
704 2066 770 2122 tres
803 2058 971 2122 extiterunt
993 2076 1128 2143 aeones,
1164 2078 1181 2121 a
1209 2059 1306 2140 primo

164 2165 314 2248 principio
338 2166 474 2230 universi
496 2167 666 2249 principia;
697 2173 727 2229 et
748 2165 825 2251 hoc,
857 2168 970 2250 inquit,
994 2185 1034 2229 ne
1055 2167 1159 2230 ldoses
1182 2167 1306 2248 quidem

162 2272 262 2351 siluit,
285 2292 353 2337 cum
377 2273 457 2337 dicct
478 2291 574 2338 voces
598 2274 647 2337 dei
670 2279 733 2336 tres
756 2291 843 2338 esse:
870 2273 1032 2350 tenebrae,
1062 2275 1182 2356 colico,
1206 2271 1345 2357 turbere

161 2380 296 2463 uiditque
319 2382 448 2444 addidit.
492 2381 570 2444 Nihil
594 2381 688 2464 enim,
724 2383 837 2466 inquit,
867 2379 944 2444 deus
966 2381 1062 2444 tribus
1087 2379 1203 2443 addidit
1225 2398 1306 2445 aeo-

162 2487 273 2569 nibus,
296 2487 352 2550 sed
381 2489 438 2569 ipsi
470 2489 571 2552 omnia
601 2487 752 2552 universis
780 2505 861 2569 quae
888 2495 959 2550 nata
988 2493 1058 2551 sunt
1089 2489 1307 2570 praestiterunt

163 2602 254 2676 atque
277 2601 442 2676 praestant.
500 2595 603 2660 Manet
625 2605 725 2659 autern
757 2595 834 2660 deus
863 2597 929 2677 ipse
953 2614 1007 2677 per
1031 2611 1066 2659 se
1088 2595 1183 2682 longe
1207 2616 1224 2660 a
1247 2597 1307 2658 tri·

161 2702 219 2766 bus
253 2702 404 2765 aeonibus
444 2710 590 2766 remotus.
649 2701 779 2783 Horum,
811 2703 923 2784 inquit,
958 2719 1090 2764 aeonum
1127 2704 1304 2785 principium

162 2811 373 2892 generationis
405 2815 529 2884 nactus,
561 2815 594 2872 ut
621 2809 731 2871 dictum
768 2814 830 2892 est,
862 2809 993 2889 quisquc
1024 2808 1177 2890 paullatim
1207 2811 1342 2873 crevitto

162 2925 193 2980 et
216 2924 324 2981 auctus
347 2922 447 2981 estet
471 2918 568 2980 evasit
589 2916 755 2998 perlectus.
799 2915 971 2979 Perfectum
1002 2923 1101 2978 autem
1132 2933 1204 2979 esse
1232 2917 1303 2997 opi-

161 3031 272 3088 nantur
302 3025 347 3108 id,
378 3023 461 3106 quod
492 3030 671 3088 numeratur
707 3023 824 3086 decem.
882 3021 955 3085 Cum
990 3023 1082 3104 igitur
1111 3040 1240 3088 numero
1272 3031 1304 3086 et

160 3131 352 3214 perfectione
375 3149 467 3213 pares
489 3133 570 3194 inter
592 3148 627 3194 se
650 3131 807 3193 evaserint
831 3145 969 3212 aeones,
999 3137 1032 3191 ut
1061 3128 1104 3191 illi
1128 3132 1302 3212 opinantur,

162 3240 284 3323 triginta
325 3242 490 3304 extiterunt
528 3255 647 3302 aeones
686 3235 838 3318 universi,
873 3237 1005 3318 quisque
1040 3255 1147 3300 eorum
1182 3237 1302 3301 decade

161 3347 327 3411 absolutus.
380 3347 455 3410 Sunt
478 3353 580 3409 autem
604 3364 621 3408 a
645 3363 679 3407 se
701 3345 832 3406 invicem
856 3340 982 3406 discreti
1012 3349 1043 3404 et
1072 3343 1220 3410 honorem
1244 3343 1340 3410 λιιι-ιι

160 3457 234 3520 bent
268 3457 398 3520 invicem
442 3471 552 3536 unum,
589 3470 657 3514 cum
695 3452 847 3533 positione
882 3456 998 3512 tantum
1030 3449 1192 3530 diberent,
1231 3454 1301 3534 quia

161 3562 240 3626 aliud
280 3563 410 3644 primum
453 3566 516 3644 est,
554 3559 633 3622 aliud
673 3556 859 3638 secundum,
897 3555 978 3619 aliud
1025 3574 1132 3621 eorum
1169 3560 1299 3623 tertium.

159 3669 271 3733 Positio
302 3676 404 3732 autem
438 3669 475 3730 iis
513 3665 717 3730 differentiam
752 3665 911 3746 potentiae
953 3661 1101 3746 exhibuit,
1136 3667 1189 3747 qui
1219 3667 1300 3728 enim

158 3887 201 3953 tt,
222 3887 267 3942 32.
286 3882 373 3941 Marc.
395 3883 491 3948 tutti.
607 3881 651 3936 4³.
672 3877 771 3956 οὕτως]
792 3872 873 3943 οὗτος
891 3876 927 3935 C:
947 3871 1028 3934 οὗτοι
1046 3897 1120 3953 susp.
1140 3877 1175 3936 R.
1187 3879 1299 3937 Scottus

157 3983 203 4036 46.
233 3976 275 4034 ci.
301 3974 401 4032 5Mos.
421 3977 447 4040 5,
469 3976 511 4030 19.
558 3973 597 4028 Τὰ
617 3973 728 4046 ’ῥήματα
758 3974 836 4027 ταῦτα
864 3973 969 4039 dicitque
995 3971 1088 4045 κύριος
1115 3975 1183 4046 πρὸς
1211 3976 1300 4029 πᾶσαν

158 4071 317 4145 συναγωγὴν
335 4070 413 4144 ὑμῶν
431 4071 459 4123 ἐν
477 4068 511 4140 τῷ
530 4067 587 4138 ὄρει
604 4069 633 4120 λιι
649 4068 733 4138 μέσον
751 4065 796 4120 τοῦ
814 4065 900 4137 πυρός
918 4063 1037 4136 (σκότος,
1055 4065 1172 4138 γνόφος,
1190 4067 1299 4131 θύελλα,

158 4165 234 4236 φωνὴ
251 4164 368 4238 μεγάλη,
386 4163 433 4216 καλ
452 4161 483 4215 od
501 4157 679 4233 προσέθηκε),
703 4158 750 4211 καλ
771 4159 890 4230 ἔγραψεν
914 4157 979 4211 αὐτὰ
1003 4159 1046 4210 on
1064 4157 1114 4210 doio
1133 4157 1235 4218 πλάκας
1253 4161 1299 4212 λι·

155 4258 237 4316 divus
255 4255 301 4308 καὶ
318 4254 417 4308 ἔδωκεν
435 4254 504 4326 ἐμοὶ.
630 4245 756 4306 eistat}
882 4249 927 4304 51.
950 4247 1024 4301 Ante
1048 4245 1106 4300 κατ’
1133 4246 1226 4318 ὀλίγον
1249 4245 1299 4300 in-

157 4347 303 4402 serendum
320 4345 429 4401 ridetur
446 4345 552 4406 ἕκαστος
696 4342 740 4398 53.
760 4341 882 4416 ἀριθμῷ]
903 4339 1031 4412 ἀριθμῶν
1050 4335 1071 4392 C
1187 4339 1231 4393 55.
1251 4341 1297 4393 56.

156 4443 281 4510 deciperet
299 4436 355 4514 ael]
374 4438 529 4510 dmrparcxol
547 4434 569 4491 C
587 4433 630 4500 dl,
651 4436 697 4508 qui
717 4434 845 4506 diurpanei
864 4433 910 4487 nol
926 4433 1016 4486 uulnus
1035 4437 1110 4484 recte
1130 4445 1205 4500 susp.
