3006 4976
624 320 802 381 mmmm.
1155 393 1158 398 ¹
1216 313 1277 414 uso

138 489 239 554 ebuso
264 489 359 554 cmo.
417 487 456 552 111
485 489 613 572 primum
635 487 675 553 ud
697 490 894 572 Assyriorum
917 488 1099 573 coniugium
1124 489 1278 573 mysterio,

135 596 314 678 tripertitum
339 596 520 662 divisionem
543 595 673 660 bominis
696 595 936 662 considerantes.
989 595 1079 660 Primi
1110 596 1192 659 enim
1214 595 1279 659 As-

138 703 213 786 syrii
236 704 366 768 uminum
390 703 568 785 tripertitum
591 710 720 768 oensent
742 709 775 765 et
796 719 896 767 unum.
947 703 1079 768 uiuimus
1103 704 1184 765 enim
1207 699 1300 765 oni-¹

138 810 187 872 nis
214 815 338 894 unturu,
376 809 434 873 elie
463 814 565 873 eutem
593 809 682 872 aliter
707 809 836 890 oupions
868 817 925 874 est.
979 809 1034 872 Est
1062 811 1143 872 enim
1178 810 1280 874 enims

140 914 274 980 omniurn
296 933 376 998 quse
397 915 473 980 bunt
503 933 613 994 ouuss3
642 917 744 980 omniu
773 933 976 998 quaeeunque
1005 917 1194 1000 nutriuntur,
1227 917 1280 978 in-

140 1024 216 1108 quit,
236 1031 328 1104 utque
350 1030 531 1108 augescunt,
555 1025 657 1088 uninu
680 1039 759 1105 opus
778 1022 902 1087 hebent.
955 1021 1036 1086 Nihil
1066 1025 1147 1106 enim
1177 1041 1279 1105 neque

141 1133 365 1215 nutrimentum,
385 1131 492 1215 inquit,
515 1147 617 1212 noque
640 1136 835 1214 augmentum
859 1132 1132 1213 monumemtum,
1168 1131 1193 1194 si
1219 1129 1304 1193 ub-o

142 1240 182 1303 sit
203 1240 311 1303 anime.
356 1239 476 1302 Etenim
499 1245 530 1302 ei
552 1238 679 1322 lepidos,
702 1240 809 1322 inquit,
831 1246 902 1302 sunt
918 1238 1049 1322 animati,
1070 1237 1185 1302 hubent
1201 1239 1281 1300 enim

141 1348 202 1408 vim
230 1345 435 1430 uugesoondi,
470 1352 577 1410 enetos
607 1352 711 1410 nutem
731 1361 793 1410 non
816 1363 950 1426 unquam
970 1345 1108 1408 evenerit
1131 1346 1198 1408 sine
1220 1361 1282 1406 nu-

141 1455 297 1520 trimento.
351 1453 410 1518 Per
442 1455 654 1518 messionem
686 1455 767 1516 enim
794 1459 965 1534 augescunt
993 1470 1074 1534 quoe
1102 1457 1283 1536 ungesount,

144 1562 284 1626 uooessio
307 1569 410 1624 sutem
432 1562 647 1626 nutrimentum
668 1567 716 1624 est
737 1577 844 1624 eorum
871 1577 951 1642 quoe
978 1557 1161 1622 nutriuntur.
1206 1557 1283 1622 Om-

144 1669 192 1732 nis
213 1669 307 1749 igitur
328 1675 436 1731 netum
459 1667 652 1751 sedatium,
684 1667 797 1750 inquit,
829 1673 861 1729 st
888 1673 1085 1730 terrenorum
1107 1673 1137 1728 et
1159 1664 1322 1728 iniero-1⁰

142 1793 212 1840 rum
234 1777 363 1858 cupiens
385 1785 433 1841 est
455 1775 586 1840 unimus.
631 1775 752 1840 Vooont
773 1779 874 1838 autern
888 1773 1009 1856 Assyrii
1020 1773 1084 1837 tuIe
1095 1773 1217 1837 Adonin
1233 1777 1286 1837 out

143 1882 366 1967 Endymionem
389 1891 441 1947 sut
462 1879 564 1966 Attin,
593 1890 624 1945 et
645 1881 744 1946 sionbi
765 1881 886 1946 Adonis
910 1888 1056 1966 rooutur,
1083 1882 1204 1966 Venus,
1233 1882 1285 1944 in-

144 1993 224 2075 quit,
247 1998 328 2054 omui
349 1997 382 2053 et
401 1992 593 2072 eoncupisoit
614 1990 744 2054 animum
766 1990 834 2054 tuiis
858 1990 998 2055 nominis.
1052 1990 1157 2053 Venus
1183 1997 1285 2053 sutem

144 2099 306 2183 generatio
337 2105 384 2164 est
410 2097 580 2162 secundum
609 2109 675 2162 eos
738 2095 844 2162 Sicubi
871 2107 972 2162 sutem
1004 2098 1186 2179 Proserpina
1219 2097 1285 2160 sire

145 2205 226 2271 Corn
248 2211 329 2270 umut
349 2205 491 2289 Adonin,
524 2207 672 2269 moritura
696 2205 865 2291 quaedem,
893 2207 1007 2288 inquit,
1042 2225 1059 2270 u
1082 2206 1207 2269 Venere
1229 2222 1285 2269 se·
1295 2213 1324 2264 io

144 2316 248 2378 iurotu
272 2313 301 2396 (i.
323 2331 350 2376 e.
374 2332 391 2377 u
415 2313 627 2397 generatione)
648 2320 699 2376 est
720 2313 830 2376 unimu.
883 2315 936 2379 Sin
959 2329 1035 2377 vero
1055 2313 1145 2376 buno
1167 2313 1197 2376 in
1218 2312 1286 2376 En-

145 2423 298 2506 dymionis
330 2421 501 2504 cupidinem
531 2421 638 2484 incidit
668 2427 700 2484 ot
726 2438 863 2484 umorem
892 2419 1031 2501 formes,
1068 2419 1287 2503 sublimiorum,

143 2531 259 2614 inquit,
290 2537 399 2594 nutura
426 2535 459 2592 et
488 2531 553 2610 ipsu
583 2529 774 2610 oonoupisoit
803 2529 944 2592 unimam.
995 2528 1048 2594 Sin
1071 2535 1157 2611 veto,
1179 2527 1285 2610 inquit,

145 2645 246 2700 muter
271 2633 400 2698 deorum
428 2642 559 2698 exsecet
584 2636 668 2699 Attin
676 2685 685 2720 ,
725 2635 847 2716 etipse
877 2633 957 2698 buno
985 2635 1102 2698 babens
1130 2635 1285 2718 amusium,

145 2743 463 2826 suoennnudunorum
485 2747 516 2806 et
540 2750 737 2808 aeternorum
760 2758 852 2824 supro
874 2741 965 2806 beuta
987 2750 1097 2806 nutura
1119 2741 1327 2818 musoniumuo

145 2857 330 2934 potestatem
351 2851 471 2914 enimse
493 2859 621 2916 reruout
642 2850 682 2915 ud
703 2868 748 2915 se.
793 2849 848 2916 Est
869 2851 959 2935 eninr,
981 2851 1088 2934 inquit,
1108 2848 1285 2913 musseminu

148 2958 252 3024 bomo.
316 2957 363 3022 Ex
392 2955 457 3022 buo
488 2959 583 3041 igitur
609 2957 669 3022 iib's
699 2959 820 3022 ratione
847 2957 938 3021 vuido
968 2965 1060 3040 turpe
1085 2966 1117 3021 et
1143 2956 1287 3039 probibi-
1389 2991 1390 2998 1

146 3072 210 3138 tum
239 3083 280 3132 ox
312 3065 451 3131 doctrine
479 3065 616 3130 mulieris
646 3080 715 3132 oum
745 3067 813 3130 viro
831 3049 1050 3130 'demonstratu
1079 3071 1127 3128 est
1148 3081 1287 3129 eonsue-

146 3173 233 3238 tuto.
277 3173 428 3238 Exseotus
451 3178 499 3237 est
521 3176 611 3257 enim,
632 3173 738 3257 inquit,
759 3171 846 3257 Aris,
869 3173 930 3237 boo
948 3181 997 3237 est
1019 3191 1036 3238 u
1056 3171 1171 3236 ohoiois
1184 3171 1287 3236 mundi

147 3280 231 3346 inire
256 3281 393 3363 pertibus
420 3286 452 3342 et
477 3279 516 3344 ud
549 3286 708 3346 ueternum
741 3299 832 3362 supra
858 3281 1000 3363 pervenit
1024 3287 1191 3363 notorum,
1226 3279 1328 3364 obiti

147 3389 261 3474 inquit,
285 3405 389 3470 neque
413 3388 564 3452 muliebre
587 3395 673 3452 extat
695 3405 796 3470 neque
821 3389 924 3472 ririie,
953 3387 1113 3451 setinum
1136 3392 1288 3472 oreuture,

147 3513 247 3560 nurus
268 3494 372 3580 bomo,
396 3495 448 3577 qui
471 3502 519 3558 est
540 3495 727 3560 musieminu.
772 3495 830 3559 Ubi
852 3502 953 3558 eutem
974 3513 1070 3576 nimo
1092 3494 1208 3577 dicent,
1231 3487 1314 3568 suo,

146 3603 220 3669 loeo
243 3603 414 3668 oriundum.
459 3603 608 3667 Attesturi
628 3610 732 3666 uotum
755 3605 840 3685 ajunt
860 3603 998 3684 ipsorum
1009 3603 1214 3665 narrationem
1226 3617 1288 3664 non

146 3729 239 3774 unum
261 3709 354 3775 modo
370 3709 510 3794 ¹itbuunr,
542 3710 597 3773 sed
625 3728 726 3792 puene
753 3711 927 3774 universum
950 3715 1141 3793 ereaturam,
1177 3717 1209 3773 ei
1229 3708 1291 3773 boo

150 3835 222 3883 esse
252 3817 336 3902 qnod
365 3817 482 3883 dicutur
511 3835 530 3881 u
557 3819 643 3902 Logo
672 3817 848 3882 deotmunt:
891 3817 1064 3882 Invisibilia
1093 3817 1172 3879 enim
1194 3817 1328 3898 ipsiineo

146 3979 215 4044 iao,
238 3977 274 4034 ud
296 3995 393 4034 rorem
416 3977 568 4050 Ἀφροδίτης
592 3977 759 4050 pertinentis
786 3975 817 4032 M
936 3977 981 4032 50.
1004 3975 1094 4048 φόως]
1121 3980 1201 4038 κτίσις
1220 3974 1242 4031 C
1259 3973 1289 4031 Μ

144 4072 193 4127 καὶ
212 4071 278 4139 αὐτὴ
295 4071 382 4145 ψυχῆς
402 4089 478 4144 susp.
496 4069 527 4126 ii
599 4072 644 4126 51.
664 4067 779 4126 ’.410νο
852 4070 895 4125 54.
916 4069 1079 4142 &muniuntur
1100 4086 1133 4140 pr
1153 4065 1188 4123 C:
1202 4067 1289 4140 Ιἀρρε-

146 4163 262 4230 sionim
273 4161 411 4218 eorrCM
482 4163 527 4220 55.
547 4157 657 4218 obrudd
668 4159 761 4217 oorrC
808 4163 1013 4235 μεμολυσμένον
1026 4158 1056 4216 C.
1070 4159 1101 4216 F.
1115 4157 1290 4214 Burmannus

149 4253 527 4312 os.0ssi...oioicb1
634 4257 679 4310 60.
709 4250 813 4312 &CM
903 4257 947 4309 00.
976 4251 1210 4314 6011111513,
1231 4251 1289 4316 ·08;

148 4350 176 4414 6,
204 4345 283 4403 1551
302 4355 332 4402 ei
348 4344 434 4402 Clem.
454 4345 534 4404 Rom.
553 4344 607 4418 Epa
626 4343 666 4412 ss,
696 4343 815 4402 12⁶0nrr
832 4347 902 4401 ἔσται
919 4347 949 4401 τὰ
966 4346 1017 4400 iio
1035 4346 1064 4400 ἓν
1081 4343 1127 4398 καὶ
1144 4343 1172 4397 τὸ
1187 4345 1237 4406 ἔξω
1255 4341 1292 4406 ὥς

147 4440 182 4495 π’
204 4441 255 4500 lori
273 4439 320 4496 καὶ
337 4439 365 4494 τὸ
383 4439 464 4514 ἄρσιν
480 4439 546 4513 perri
562 4437 605 4508 τῆς
622 4441 738 4506 θηλείας,
757 4438 816 4494 orire
832 4439 913 4510 ἄρσεν
931 4437 1064 4504 οὖπθῆλυ
1076 4434 1233 4493 Bussenius
1244 4435 1292 4492 1.1.
