3050 4988
668 333 853 394 bnsnlults.
1280 325 1343 392 359

288 496 339 565 21.
385 501 642 585 Quandoquidem
665 503 758 586 igitur
781 501 855 566 nihil
878 508 960 582 erat,
984 519 1045 564 uou
1068 498 1251 583 substantia,
1278 516 1379 570 nonas

199 605 448 691 insubstantiale,
470 625 533 671 non
556 610 701 693 simplex,
732 627 792 673 non
816 609 1035 693 compositum,
1068 623 1131 669 non
1162 607 1341 686 incompre-

198 711 371 796 hensibile,
393 730 455 776 non
476 715 671 800 insensuale,
694 733 756 780 uon
778 713 890 798 borno,
912 731 974 777 non
998 713 1144 796 angelus,
1168 730 1230 776 non
1254 711 1340 796 deus,

197 835 300 902 neque
322 821 446 883 omnino
466 822 630 905 quidquam
655 840 771 907 eorum,
797 841 877 905 quae
899 823 1024 886 nomine
1049 819 1247 904 appellantur,
1274 821 1340 882 siae

196 941 290 988 seusu
313 927 523 1008 percipiuntur
545 947 600 994 sen
625 937 746 1008 mente,
768 928 824 993 sed
846 930 887 993 ita
911 937 943 993 et
966 928 1015 991 vel
1036 925 1174 990 subtilius
1198 924 1339 989 omnibus

196 1050 322 1112 prorsus
345 1033 488 1098 sublatis:
514 1052 655 1101 noo-ens
679 1035 772 1120 deus,
799 1037 899 1120 (quem
926 1033 1110 1098 Aristoteles
1132 1039 1223 1096 vocat
1247 1031 1359 1113 cogi-r

196 1139 344 1202 tationem
368 1141 580 1224 cogitationis,
609 1141 641 1204 bi
670 1151 771 1207 autem
802 1139 998 1226 uon-entem)
1032 1141 1101 1203 sine
1138 1139 1339 1224 cogitatione,

197 1247 264 1310 sine
287 1265 399 1330 sensu,
423 1250 490 1313 sine
513 1248 662 1332 consilio,
690 1252 757 1314 sine
779 1250 955 1332 proposito,
989 1249 1057 1312 sine
1077 1247 1240 1329 passione,
1271 1245 1339 1309 sine

198 1355 360 1434 cupiditate
383 1357 527 1421 muudum
546 1356 643 1422 voluit
664 1357 779 1422 iacere.
837 1356 938 1420 Voluit
960 1360 1061 1419 autem
1084 1371 1153 1417 eum
1176 1351 1261 1436 deo,
1284 1350 1337 1413 in-

197 1461 275 1542 quit,
296 1461 530 1547 significationis
553 1463 651 1546 gratia
675 1461 761 1547 dico,
784 1464 852 1527 sine
876 1463 1032 1526 voluntate
1063 1468 1094 1523 et
1124 1459 1191 1522 sine
1213 1459 1361 1541 cogita-⁵

194 1569 280 1630 tione
304 1577 335 1634 et
357 1569 426 1633 sine
445 1587 556 1652 sensu,
583 1571 725 1633 mundum
748 1576 849 1634 autem
871 1587 933 1632 non
955 1569 1052 1650 illum,
1083 1567 1134 1650 qui
1156 1585 1213 1648 per
1231 1565 1339 1630 latitu-

196 1673 298 1738 dinem
321 1683 352 1738 et
374 1678 599 1758 separationem
622 1683 732 1759 postea
761 1677 859 1742 lactus
891 1682 939 1740 eat
967 1681 998 1738 et
1027 1673 1208 1757 diremptus,
1231 1691 1337 1737 verum

195 1797 301 1844 semen
324 1783 436 1846 mundi.
483 1785 597 1848 Semen
619 1792 718 1848 autem
743 1783 848 1847 mundi
872 1783 973 1847 omnia
995 1780 1129 1845 babebat
1151 1781 1181 1844 in
1202 1797 1237 1843 se
1259 1781 1337 1862 ipso,

193 1898 226 1953 ut
248 1908 377 1972 manum
399 1891 546 1974 sinapeos
575 1893 605 1954 in
634 1892 757 1957 minimo
791 1890 1015 1972 comprehensa
1044 1887 1136 1951 babet
1167 1887 1268 1951 omnia
1290 1887 1336 1950 si-

193 1997 268 2060 mul:
291 1997 430 2084 radices,
452 2001 595 2084 stirpem,
618 2017 740 2084 ramos,
763 1999 847 2082 lolia,
869 1995 1103 2061 innumerabilia
1126 2013 1294 2080 manorum
1318 2005 1373 2058 aro

191 2103 293 2184 planta
315 2112 465 2189 generata
488 2107 605 2170 semina
627 2106 815 2191 plantarum,
852 2124 931 2188 quae
957 2104 1036 2170 aliae
1060 2113 1091 2170 et
1109 2119 1335 2186 saepenumero

193 2211 271 2276 aliae
286 2212 359 2277 inde
377 2215 553 2278 funduntur.
596 2215 640 2279 lta
656 2233 795 2278 non-ena
811 2213 887 2278 deus
901 2215 973 2276 lecit
988 2210 1134 2276 mundum
1149 2216 1335 2274 uon-entem

194 2337 234 2382 ex
260 2321 467 2385 non-entibus
479 2372 487 2407 ,
514 2313 590 2385 cum¹
608 2321 757 2387 deiiceret
779 2330 810 2386 et
832 2327 1023 2404 supponeret
1045 2337 1153 2384 semen
1179 2316 1333 2401 quoddam

194 2443 304 2511 unum,
335 2426 420 2509 quod
449 2428 625 2493 continebat
650 2432 681 2492 in
710 2447 745 2493 se
774 2429 877 2492 mundi
905 2429 1050 2492 uniuersa
1079 2427 1206 2492 semina.
1264 2425 1333 2500 Ouo

191 2542 292 2598 autern
315 2534 434 2616 planius
457 2535 584 2621 faciam,
608 2536 691 2618 quod
713 2536 755 2599 illi
778 2537 897 2600 dicunt:
926 2535 1015 2599 sicuti
1047 2553 1137 2598 ovum
1167 2533 1232 2598 avis
1255 2541 1369 2616 per-lu

190 2641 294 2705 variae
317 2642 475 2706 cuiusdam
499 2651 532 2707 et
553 2643 771 2727 multicoloris,
794 2642 889 2706 veluti
910 2644 1038 2724 pavonis
1062 2649 1114 2706 aut
1131 2641 1207 2706 alius
1225 2641 1332 2706 cuius-

189 2747 257 2810 dam
282 2749 373 2813 etiam
397 2751 495 2833 magis
518 2751 622 2814 variae
644 2757 676 2813 et
696 2750 909 2836 versicoloris,
935 2769 1003 2814 cum
1027 2768 1120 2814 unum
1142 2751 1198 2833 sit,
1221 2767 1331 2812 revera

188 2857 325 2919 continet
348 2857 379 2919 in
402 2874 437 2920 se
459 2858 568 2922 multas
591 2857 816 2922 multiformium
845 2857 1079 2924 substantiarum
1103 2863 1133 2920 et
1155 2856 1332 2921 multicolo-

187 2981 255 3026 rum
280 2971 310 3027 et
333 2963 537 3046 multiplicium
561 2965 692 3030 formas:
717 2966 757 3029 ita
781 2965 874 3030 babet
891 2966 1059 3050 deiectum,
1081 2966 1195 3048 inquit,
1215 2982 1330 3029 anon-

185 3080 256 3135 ente
280 3071 339 3137 deo
363 3089 505 3135 non-ens
528 3091 635 3137 semen
658 3074 760 3140 omnia
781 3073 885 3138 mundi
915 3075 1033 3138 semina
1066 3072 1258 3137 multiformia
1282 3073 1368 3138 siro

188 3178 250 3241 mul
273 3187 304 3243 et
326 3178 487 3243 multifaria
508 3180 540 3242 in
562 3197 644 3244 sese.

272 3285 324 3350 22.
369 3287 478 3350 Omnia
502 3287 612 3371 igilur,
641 3303 848 3369 quaecunque
870 3286 942 3350 licet
965 3285 1070 3349 dicere
1099 3303 1241 3368 quaeque
1264 3303 1327 3348 non

184 3401 308 3476 reperta
331 3396 592 3478 praetermittere,
611 3411 773 3475 quaequae
796 3393 898 3457 lutura
922 3395 1036 3458 mundo
1059 3414 1076 3457 a
1099 3395 1217 3457 semine
1240 3401 1328 3457 erant

182 3565 237 3622 dai
254 3562 398 3638 lioeperue
482 3568 509 3622 5.
528 3569 555 3621 6.
579 3565 741 3644 κεχυμένων]
760 3569 893 3640 supersim
913 3564 947 3622 C:
967 3569 1137 3640 κεκρυμμένα
1159 3565 1327 3640 bernaysius

183 3669 211 3714 et
244 3657 401 3715 Bunsenius
535 3661 561 3715 6.
589 3659 638 3714 eds
664 3657 712 3736 oia]
739 3659 754 3713 ὁ
780 3661 829 3716 οὐκ
854 3660 893 3714 air
911 3657 1055 3732 Roeperns
1188 3659 1260 3738 dm]
1289 3663 1328 3716 air

183 3747 247 3806 GM
266 3749 423 3806 Bussenius
470 3747 512 3806 Cl.
541 3749 614 3806 inira
638 3751 686 3806 lin.
716 3753 757 3806 14.
778 3762 805 3807 et
832 3770 859 3825 p.
879 3754 941 3817 320,
959 3753 994 3808 75
1023 3750 1177 3808 ed.010n.
1216 3751 1251 3810 Ut
1275 3771 1326 3809 uos

182 3843 263 3898 etiam
290 3841 418 3898 lseobius
438 3843 558 3899 correxit
627 3845 654 3898 7.
674 3845 904 3918 καταβαλλόμενος
922 3842 944 3900 C
963 3843 993 3901 bl
1011 3844 1169 3901 Bussenius
1241 3851 1326 3920 errip-

178 3956 220 4009 μα
247 3937 280 4006 n]
305 3938 434 4010 σπέρματι
463 3933 533 3991 CM
657 3939 684 3993 9.
718 3937 784 3993 deta
812 3934 834 3993 C
960 3939 1003 3994 10.
1025 3937 1186 4016 renotatam]
1212 3942 1241 3995 ἐκ
1266 3960 1326 3996 nos-

178 4031 268 4083 ao'ttoo
293 4025 328 4082 C:
362 4031 390 4082 ir
412 4031 535 4083 nemitori
565 4026 611 4084 M:
646 4032 877 4104 lmomsllopirou
908 4030 1075 4105 Beruaysius
1108 4042 1137 4089 et
1168 4031 1324 4090 Eumenius

181 4119 223 4174 lu.
243 4120 334 4192 ὄντως]
353 4117 435 4182 οὔπως
455 4118 491 4176 C:
511 4117 586 4193 ὅμως
600 4119 630 4176 ld
648 4119 805 4178 Bunseniun
887 4123 928 4179 ll.
948 4129 1138 4198 πανσπερμίαν
1155 4123 1323 4182 Ublbornius

177 4210 306 4267 inseruit:
327 4230 371 4267 orn
391 4210 413 4268 C
431 4209 462 4268 M
479 4211 645 4268 Bunsenius.
683 4211 725 4270 Cl.
746 4233 807 4270 cunr
826 4217 1054 4273 antecedentibus
1078 4217 1229 4275 doctrinam
1256 4237 1325 4276 cos-

178 4305 365 4374 mogonieam,
384 4320 466 4377 quam
483 4301 594 4376 Appion
614 4305 727 4378 exponit
746 4307 774 4362 in
794 4309 910 4362 Homiliis
931 4310 1064 4364 kantis
1081 4311 1155 4363 nom.
1180 4311 1253 4365 Heus.
1276 4307 1322 4377 Vl,

178 4411 203 4447 c.
222 4393 301 4448 3-5.
420 4394 461 4447 17.
488 4391 538 4448 ὅσα
555 4405 619 4450 aute
644 4396 678 4468 spi
701 4413 745 4452 orn
773 4394 938 4472 llernsysius
958 4407 987 4456 et
1004 4395 1162 4455 Eumenius
1277 4419 1322 4477 ys·

180 4479 286 4562 aiebas]
306 4483 468 4556 ypatiosebes
484 4481 629 4556 Bosporus
