3052 4984
654 303 823 362 ΒΟΟΕΤΑΕ.
1249 301 1313 367 423

171 477 202 533 ιιι
222 472 365 554 scripturn
389 482 446 538 est.
493 472 648 538 Generato
671 478 772 536 autern
795 471 855 538 hoe
885 476 951 557 ipso
974 474 1097 538 indutus
1120 482 1167 537 εει
1189 474 1230 558 is,
1259 477 1312 556 qui

170 593 304 657 superne
327 582 426 664 venit,
457 587 489 643 et
509 583 618 645 ornnia
648 581 721 645 iecit
751 580 814 664 ita,
844 587 876 643 ut
904 581 936 643 in
958 583 1134 666 evangeliis
1166 583 1347 662 scriptumss

171 692 234 759 est,
255 684 373 751 lavatus
396 696 444 752 εει
465 689 496 750 in
519 688 670 771 Iordane,
702 687 820 751 lavatus
844 695 944 751 autent
971 689 1133 772 imaginem
1162 696 1194 750 ει
1222 688 1312 772 sigit-

171 792 230 855 iurn
269 796 420 877 expressit
451 815 530 879 aqua
560 797 701 878 corporis
726 815 742 859 a
767 795 885 878 virgine
914 795 993 878 nati,
1027 803 1075 879 ut,
1104 796 1192 858 simul
1220 803 1312 878 atque

171 897 287 963 archon
312 899 466 965 addixerit
488 921 575 966 suum
598 902 773 986 figmentum
803 903 911 986 morti,
942 902 1042 983 eruci,
1071 904 1170 964 aninra
1203 901 1253 966 iila
1281 904 1311 965 in

170 1005 221 1068 iilo
251 1026 383 1090 corpore
415 1008 545 1091 nutrita,
579 1027 647 1072 curn
677 1027 790 1092 corpus
824 1008 1015 1090 deposuisset
1038 1016 1070 1073 ει
1093 1007 1251 1073 edixisset
1274 1008 1312 1072 ad

170 1113 284 1198 iignum
306 1123 338 1181 et
360 1114 574 1198 triumphasset
595 1135 652 1197 per
678 1115 776 1198 ipsum
799 1117 986 1199 principatus
1011 1123 1042 1179 et
1064 1123 1250 1200 potestates,
1273 1131 1348 1181 neco

172 1220 255 1284 nuda
278 1223 483 1305 inveniretur,
512 1220 569 1284 sed
597 1221 779 1286 indueretur
813 1241 961 1306 corpore,
994 1222 1075 1302 quod
1113 1239 1206 1303 aqua,
1242 1238 1312 1284 curn

171 1327 399 1413 baptizabatur,
422 1331 492 1394 ioco
515 1332 616 1394 carnis
638 1329 716 1394 iliius
739 1329 870 1393 effictum
896 1335 952 1394 est.
1004 1327 1071 1390 Hoc
1081 1379 1090 1410 ,
1119 1327 1231 1411 inquit,
1255 1335 1312 1409 est,

171 1431 255 1513 quod
278 1435 319 1496 ait
342 1435 492 1499 salvator:
523 1436 593 1499 Nisi
615 1436 684 1516 qnia
705 1444 832 1498 renatus
851 1434 948 1514 [uerit
969 1455 1011 1496 ac
1033 1450 1115 1514 apua
1137 1440 1168 1493 ει
1188 1433 1311 1514 spiritu,

169 1559 231 1602 nun
253 1540 392 1605 introibit
412 1544 445 1612 in
471 1563 600 1625 reprom
630 1544 806 1616 caelorum
833 1541 916 1623 puori
945 1541 1026 1602 anim
1056 1547 1161 1602 notum
1196 1545 1243 1601 est
1271 1559 1312 1601 εα

170 1665 265 1710 earne
300 1667 376 1712 coro
411 1658 466 1714 est.
533 1651 562 1712 Α
589 1649 713 1732 triginta
750 1647 844 1732 igitur
878 1644 1029 1710 aeonibus
1068 1647 1190 1728 triginta
1225 1644 1345 1712 ideasts

169 1755 288 1834 induit;
321 1763 487 1838 propterea
518 1756 555 1820 ad
590 1757 715 1840 triginta
747 1771 846 1817 annos
871 1752 970 1815 extitit
992 1753 1022 1814 in
1050 1757 1141 1818 terris
1166 1763 1311 1818 aeternus

169 1857 234 1944 iile,
259 1879 327 1925 curn
351 1863 481 1945 quisque
514 1881 595 1928 aeon
625 1863 822 1946 peculiariter
856 1881 911 1944 per
948 1879 1060 1924 annum
1095 1861 1312 1924 manifestare·

170 1973 227 2029 tur.
277 1969 354 2033 Sunt
383 1979 485 2034 autem
515 1972 607 2035 etiam
642 1989 659 2034 a
688 1971 817 2052 singutis
846 1969 1021 2051 quibusque
1045 1969 1170 2051 triginta
1192 1967 1310 2030 iliorum

169 2089 301 2137 aeonum
338 2081 468 2144 cunctae
508 2075 599 2140 ideae
638 2083 802 2158 susceptae
837 2075 975 2158 animae,
1012 2091 1141 2156 quarum
1169 2089 1311 2154 quaeque

168 2178 209 2242 ita
232 2188 303 2244 nata
327 2188 394 2266 cst,
424 2189 457 2245 ut
479 2183 629 2267 intelligat
650 2181 748 2247 iesurn
773 2201 858 2266 ειιιιι,
891 2183 943 2264 qui
973 2181 1068 2262 ipsius
1102 2186 1230 2243 naturae
1256 2194 1347 2262 parto

169 2295 237 2373 est,
273 2307 363 2371 quern
398 2291 573 2375 unigenitus
604 2290 655 2354 iile
684 2297 831 2354 aeternus
866 2309 906 2352 ex
936 2290 1071 2353 aeternis
1095 2288 1173 2352 locis
1201 2288 1311 2367 induit3

168 2401 239 2458 sunt
262 2403 363 2460 ειιιειιι
388 2395 417 2459 bi
441 2397 563 2463 diversi.
608 2398 777 2480 Propterea
800 2405 845 2462 ιοι
868 2397 1014 2460 haereses
1038 2401 1189 2478 quaerunt
1210 2395 1310 2459 iesum

168 2521 286 2568 ειιιιιιιιο
319 2503 439 2590 studio,
477 2513 508 2568 et
542 2512 589 2568 εει
618 2505 670 2568 itte
697 2505 735 2568 iis
766 2505 906 2570 omnibus
935 2505 1096 2587 proprius,
1128 2503 1178 2567 aiii
1210 2509 1309 2566 autern

167 2617 312 2692 tanquam
337 2610 414 2675 alius
443 2630 595 2694 apparens
619 2612 656 2676 ab
682 2612 743 2676 aiio
777 2613 868 2696 ioco,
899 2613 1050 2693 adquam
1074 2628 1217 2693 quaeque
1242 2610 1310 2673 ier-

168 2725 232 2801 tur,
256 2719 365 2801 inquit,
401 2723 432 2781 ει
462 2719 588 2783 iestinat
616 2719 744 2801 opinans
774 2718 856 2782 bunc
889 2736 960 2782 esse
990 2717 1102 2801 scium,
1131 2721 1183 2799 qui
1213 2717 1348 2801 ipsiusrs

168 2832 318 2907 cognatus
342 2844 509 2908 germanus
533 2826 751 2909 popularisque
773 2828 828 2908 sit,
853 2843 942 2908 quern
962 2826 1090 2908 prinrurn
1108 2833 1308 2906 conspectura

167 2939 309 3014 tanquam
352 2933 477 2997 tratrem
524 2953 704 3019 germanum
749 2935 895 3018 agnovit,
934 2933 1072 3014 reliquos
1102 2940 1203 2996 autern
1237 2942 1311 2996 tan·

166 3059 255 3122 quarn
273 3043 403 3122 spurios.
448 3042 506 3116 Oui
529 3042 621 3126 igitur
645 3061 684 3106 ex
704 3041 902 3106 interioribus
924 3041 1000 3105 locis
1024 3047 1161 3104 naturam
1184 3039 1310 3124 babent,

167 3146 254 3211 ideas
277 3147 457 3234 salvatoris,
487 3169 568 3232 quae
590 3167 682 3230 supra
706 3150 791 3232 ipsos
815 3156 902 3230 sunt,
931 3166 1063 3211 cernere
1086 3165 1148 3210 non
1171 3155 1309 3232 possunt,

162 3347 273 3420 ινιαιιτῷ
296 3347 512 3421 φανεροιιμένοιι]
538 3345 594 3418 tuta
622 3347 663 3402 tut
688 3346 759 3420 αὐτῷ
782 3346 984 3421 perscripsero
1005 3344 1041 3402 C:
1070 3346 1111 3400 tot
1139 3345 1225 3401 αὖτιόν
1252 3347 1306 3418 (sc.

161 3442 212 3494 τῶν
236 3439 312 3509 tribu)
338 3441 542 3512 φανεροαμένοα
567 3439 640 3494 coni.
665 3436 709 3494 M:
736 3441 794 3512 irie'p
822 3440 932 3510 irrumpi
962 3440 1164 3513 φανερούμενος
1192 3437 1309 3510 Rocpe-

162 3551 225 3587 rus:
256 3534 316 3604 ιιιίῳ
340 3532 450 3604 ἐνιαυτῷ
481 3534 699 3604 φανεροιιμὲνεα,
728 3533 771 3586 rel
802 3533 858 3605 ἰδίῃ
890 3533 1011 3587 ἐνιαυτὸν
1044 3535 1248 3606 φανεροιιμὲναα
1272 3531 1307 3588 R.

163 3625 291 3681 Scottus:
315 3626 373 3697 ἰδέᾳ
399 3625 440 3678 tut
462 3627 492 3678 ιν
511 3624 580 3695 αὐτῷ
599 3626 801 3696 φανερεαμένες
825 3621 890 3678 Chr.
914 3623 1092 3681 Pateraeniua
1261 3613 1319 3681 tt(

161 3715 235 3794 utet]
253 3720 306 3784 tcta
325 3713 346 3771 C
364 3714 394 3772 Μ
546 3717 589 3770 75.
616 3714 718 3770 ἅπασαι
737 3713 815 3792 ἰδέαι]
845 3715 936 3772 ἅπασα
959 3719 1016 3772 ἰδέα
1048 3715 1069 3772 C
1091 3715 1136 3773 M:
1165 3719 1194 3773 ir
1218 3719 1308 3796 ἁπάσῃ

162 3812 219 3884 iria'p
237 3809 382 3882 Roeparur
539 3809 583 3864 ts.
608 3811 653 3863 76.
688 3810 771 3881 φύσιν
794 3812 847 3881 ἔχει
874 3809 971 3864 τούτων
993 3811 1085 3879 ἑκάστη
1110 3810 1193 3889 νοεῖν]
1225 3813 1308 3884 φύσιν

162 3906 215 3976 ἔχει
241 3902 339 3956 τούτων
365 3900 476 3968 ἑκάστην
499 3898 514 3956 b'
540 3895 572 3968 ἦν
597 3899 619 3957 G
641 3899 684 3967 Μ,
702 3901 749 3975 qui
773 3900 852 3956 initio
880 3902 983 3977 aliquid
1009 3904 1145 3960 excidisse
1172 3915 1249 3978 putat
1278 3918 1306 3964 et

161 3999 230 4068 ἔχειν
246 3995 343 4049 τούτων
360 3993 642 4060 tormentoruni:
662 3999 757 4065 φησιν,
776 3997 829 4066 ἔχει
840 3995 936 4049 τούτων
953 3995 1045 4064 ἑκάστη
1064 3996 1305 4071 vippaRoeperus

160 4090 205 4146 80.
233 4085 322 4164 ἄλλος]
349 4087 435 4148 ἄλλως
458 4083 533 4158 prC
688 4083 783 4164 rinae]
812 4087 895 4142 rinno
919 4085 997 4144 CM.
1033 4087 1120 4145 Sicuti
1145 4109 1196 4145 nos
1223 4092 1304 4147 otiam

161 4179 305 4252 Roeperua
325 4187 353 4234 ει
372 4176 405 4234 tt.
421 4175 533 4233 Scottus
553 4178 745 4250 corrigendum
766 4197 829 4234 eoae
848 4191 971 4237 censent.
1123 4181 1225 4252 ἑκάστη]
1245 4185 1305 4238 ικα-

159 4293 204 4329 aaa
223 4270 245 4329 C
397 4271 442 4326 82.
459 4267 574 4346 πρῶτον]
594 4271 697 4343 πρῶτος
715 4269 751 4326 C:
772 4289 807 4327 an
825 4273 955 4345 αραιτωςι
1090 4273 1136 4329 82.
1155 4274 1201 4330 83.
1221 4277 1304 4348 ἐγνώ-

160 4385 215 4439 ρισε
238 4365 289 4438 μὲν
316 4364 363 4434 air]
381 4365 584 4436 ιγνωρισμὲνως
603 4360 624 4417 C
644 4362 686 4418 M:
713 4382 747 4417 ιιιι
765 4365 817 4437 μὲν
836 4365 873 4427 ὥς
898 4383 953 4420 non
982 4373 1058 4420 racto
1085 4365 1147 4420 loco
1172 4366 1305 4422 insertum

161 4467 188 4512 ει
207 4467 270 4512 onte
290 4457 361 4511 ἴδιον
380 4455 614 4528 uansponendum
634 4454 695 4510 ant
715 4453 780 4512 Chr.
799 4455 977 4513 Potarseniua
