3052 4984
240 343 304 410 432
348 345 562 432 (μετατιι.)
669 347 765 406 unna
787 349 854 422 vm,
880 349 1016 406 ιε-ιτ,
1123 415 1127 424 .

240 518 280 580 έν
302 518 367 578 κα1
387 513 517 579 πολλοὶ
539 514 639 578 κατὰ
661 517 728 600 τήν
749 515 916 599 κεραίαν
938 510 1112 594 ἐκείνην,
1145 503 1211 590 αφ’
1238 503 1402 568 ἑαυτοῦ

240 621 308 706 τήν
331 619 516 698 διέξοδον
545 618 723 707 εόρόντα.
771 621 883 684 Ταῦτα
912 618 974 699 μέν
1002 610 1061 677 οὖν
1089 613 1221 690 ἐκείνοι,
1254 610 1301 686 οίς
1330 607 1402 675 οδκ
1495 638 1496 718 η

241 727 384 814 δνόγκην
405 729 517 811 ἔχομεν
537 730 575 792 οδ
597 725 674 811 παρ’
689 725 814 812 Ἕλλησι
833 723 1152 811 προμεμεριμνημένα
1167 721 1401 806 παρατιθέναι

203 853 232 905 11
242 833 312 900 οὖσι
334 833 507 922 προδήλοις
527 847 591 911 τοῖς
613 833 667 900 ὑπ’
688 831 794 898 αδτῶν
816 831 996 915 λεγομένοις
1016 830 1072 915 τήν
1087 829 1237 893 σόστασιν
1253 825 1337 907 ἔχειν
1352 825 1400 888 ἐκ

240 946 445 1027 γεωμετρικῆς
465 951 570 1027 τέχνης
591 946 645 1005 καὶ
666 939 889 1028 ἀριθμητικῆς,
912 941 953 1025 ήν
972 937 1191 1022 γενναιότερον
1212 931 1244 999 οἱ
1263 935 1400 996 Πυθα-

240 1049 337 1135 γόρου
358 1053 504 1134 μαθηταὶ
526 1047 690 1126 διέθεντο,
713 1051 827 1124 καθδς
849 1049 912 1112 ἔστι
942 1057 1008 1122 τοϊς
1035 1043 1279 1126 ἐντυγχάνουσιν
1309 1040 1397 1104 έπε-

240 1158 362 1234 γνιόναι
383 1155 419 1219 δν
440 1167 505 1230 τοῖς
526 1154 656 1232 τόποις,
680 1153 726 1232 ολς
747 1154 1035 1243 προδιηγησάμεθα
1057 1157 1129 1238 περὶ
1148 1151 1253 1235 πόσης
1268 1151 1396 1233 σοφίας
1497 1162 1498 1196 1

236 1260 405 1349 Ἑλλήνων.
444 1261 529 1328 Ἀλλ’
547 1263 616 1328 ἐπεί
637 1268 693 1327 καί
712 1261 750 1326 τοὶ
773 1266 946 1347 Μονολμοο
969 1260 1134 1345 αδτόρκως
1161 1254 1393 1342 διελήλεγκται,

204 1368 362 1452 ίοῖδωμεν
383 1373 454 1434 τίνα
475 1375 529 1433 καὶ
551 1367 582 1434 ολ
603 1369 711 1435 λοιποί
725 1369 924 1450 τεχνάζονται
938 1367 1061 1443 εἀυτοίς
1074 1365 1265 1451 βουλόμενοι
1280 1363 1393 1446 ὄνομα

241 1476 380 1561 μα’ταιον
400 1474 521 1564 ὑψοῦν.

333 1585 380 1652 16.
422 1587 580 1660 Τατιανδς
601 1583 647 1662 δέ,
671 1589 725 1649 καί
747 1583 842 1661 αδτός
861 1584 1029 1667 γενόμενος
1049 1580 1196 1667 μαθητής
1219 1577 1391 1643 Ἰουοτίνου

242 1695 297 1758 τοῦ
318 1690 495 1776 μάρτυρος,
517 1690 577 1774 οόχ
597 1691 695 1777 όμοια
708 1697 752 1780 τῷ
770 1691 955 1778 διδασκάλῳ
971 1690 1166 1777 ἐφρόνησεν,
1189 1685 1275 1750 δλλδ
1287 1682 1393 1749 καινοί

243 1820 313 1862 τινα
334 1798 535 1886 ἐπιχειρήσας
556 1799 618 1886 ἔφη
640 1800 764 1876 αἰῶνας
784 1801 871 1876 τινδς
893 1798 1050 1884 αόρότους
1078 1795 1195 1879 ὁμοίως
1223 1803 1289 1867 τοῖς
1317 1789 1388 1854 oe’m}

205 1923 234 1972 νο
246 1905 458 1972 Οὐαλεντίνου
479 1905 715 1992 μυθολογήσας.
760 1907 871 1991 Γόμον
892 1904 928 1969 δὲ
951 1903 1087 1990 φθορὰν
1106 1904 1189 1967 είναι
1212 1897 1387 1985 παραπλη-

243 2015 318 2086 σίως
338 2015 511 2096 Μαρκίωνι
533 2012 626 2093 λέγει.
673 2015 740 2078 Τδν
762 2011 798 2077 δὲ
817 2011 922 2095 Ἀδοὶμ
945 2012 1060 2096 φάσκει
1081 2011 1125 2096 μή
1147 2007 1308 2083 σώζεσθαι
1329 2003 1387 2068 διδ

242 2118 276 2183 τδ
299 2119 438 2206 δρχηγδν
459 2124 626 2207 παρακοῆς
646 2123 820 2200 γεγονέναι.
865 2125 929 2184 Καὶ
949 2123 1047 2182 ταῦτα
1067 2123 1127 2202 μὲν
1153 2115 1319 2189 Τατιανός.

334 2227 382 2291 17.
423 2225 611 2314 Ἑρμογένης
637 2227 675 2292 δέ
704 2252 748 2303 πς
770 2232 824 2291 καί
846 2225 942 2302 αδτδς
965 2230 1097 2309 νομίσας
1118 2251 1146 2290 τι
1167 2225 1280 2290 καινόν
1302 2245 1386 2308 φρο-

242 2344 309 2397 νετν
324 2334 386 2420 ἔφη
405 2335 460 2399 τόν
481 2335 563 2400 θεὸν
584 2335 620 2412 ἐξ
638 2334 715 2421 ὕλης
736 2335 908 2422 συγχρόνου
930 2339 984 2397 καὶ
1006 2333 1178 2424 όγεννήτυυ
1198 2335 1306 2400 πάντα
1326 2361 1385 2402 πε-

206 2442 429 2526 υοποιηκέναι·
452 2439 619 2516 α’δυνότως
639 2441 701 2526 γὰρ
724 2441 805 2521 ἔχειν
833 2441 889 2505 τόν
915 2441 997 2504 θεδν
1018 2439 1061 2526 μή
1084 2440 1142 2504 οόκ
1166 2441 1201 2518 ἐξ
1222 2442 1324 2506 ὄντων
1344 2445 1381 2508 τδ

240 2545 394 2630 γινόμενα
415 2559 530 2612 ποιείν.
573 2549 669 2612 Εἶναι
691 2546 728 2612 δὲ
748 2551 804 2612 τόν
825 2547 907 2612 θεδν
929 2547 980 2612 δελ
1002 2550 1112 2633 κόριον
1142 2556 1196 2612 καλ
1217 2549 1268 2614 όελ
1290 2573 1381 2636 ποιη-

241 2655 314 2742 τήν,
349 2656 404 2742 τήν
431 2655 467 2720 δὲ
495 2655 576 2742 ὕλην
605 2657 656 2721 δεῖ
687 2655 806 2742 δοόλην
828 2661 882 2720 καῖ
901 2657 906 2745 Ι
925 2657 1109 2742 γινομένην,
1137 2655 1176 2720 οδ
1197 2661 1309 2722 πᾶσαν
1330 2659 1380 2722 δέ·

329 2888 407 2951 1ιοιι.
432 2891 509 2970 apud
535 2889 646 2952 Euseb.
668 2889 702 2953 H.
727 2889 762 2952 Ε.
785 2888 834 2972 lv,
857 2887 908 2954 29.
954 2891 1018 2951 Καὶ
1038 2891 1128 2952 τοῦτο
1148 2892 1209 2953 νόν
1230 2889 1381 2976 ἐξευρέθη

241 2991 322 3076 παρ’
351 2992 458 3068 αὐτοῖς
490 2995 542 3078 (so.
567 2997 644 3077 apud
677 2995 905 3080 Confluentes),
944 2999 1106 3060 Τατιανοό
1138 3017 1221 3073 τινος
1252 2997 1381 3080 πρώτως

241 3101 355 3186 ταότην
376 3101 607 3180 είσενέγκαντος
634 3101 690 3187 τήν
716 3100 943 3187 βλασφημίαν·
973 3103 1009 3178 ὃς
1033 3102 1199 3169 Ἰουστένοο
1227 3103 1381 3189 ἀκροατής

240 3207 393 3288 γεγονώς,
416 3207 469 3294 ἐφ’
490 3208 567 3272 ὅσον
587 3213 648 3291 μὲν
669 3213 767 3295 συνῆν
791 3209 920 3296 ἐκείνῳ,
951 3209 1047 3276 οὐδὲν
1077 3211 1211 3298 ἐξέφηνε
1232 3217 1378 3290 τοιοῦτον,

239 3319 318 3399 μετὰ
340 3315 376 3380 δὲ
401 3317 456 3402 τήν
479 3316 600 3380 ἐκείνου
622 3319 799 3402 μαρτυρίαν
820 3317 964 3394 ἀποστὰς
984 3324 1037 3405 τῆς
1052 3319 1233 3406 ἐκκλησίας,
1256 3321 1379 3408 οίήμαπ

242 3420 439 3486 διδασκάλου
460 3420 617 3506 ἐπαρθείς
637 3427 691 3484 καί
711 3425 874 3509 τυφωθεὶς
903 3422 945 3498 ὡς
973 3422 1139 3510 διαφέρων
1167 3431 1230 3490 τῶν
1250 3425 1378 3504 λοιπόν,

241 3530 325 3596 ἴδιον
346 3535 529 3616 χαρακτήρα
551 3528 776 3604 διδασκαλείου
798 3531 1016 3616 συνεστήσατο,
1041 3533 1163 3608 αίῶνός
1177 3555 1265 3608 τινας
1281 3532 1380 3618 αόρό-

240 3659 311 3714 τους
332 3637 449 3721 ὁμοίως
469 3649 533 3713 τοῖς
556 3637 623 3702 δπδ
647 3635 860 3703 Οὐαλεντίνου
881 3639 1126 3725 μυθολογήσας,
1149 3643 1204 3705 τόν
1223 3641 1329 3725 γόμον
1349 3663 1379 3704 τε

242 3749 377 3831 φθορὰν
399 3751 453 3811 καί
474 3749 627 3830 πορνείαν
654 3747 885 3833 παραπλησίως
911 3752 1082 3833 Μαρκίωνι
1112 3754 1167 3812 καὶ
1200 3751 1378 3834 Σατορνίνῳ

241 3852 478 3938 α’ναγορεόσας,
509 3859 546 3945 τῇ
568 3855 605 3919 δὲ
625 3859 680 3918 τοῦ
700 3853 804 3938 Ἀδδμ
838 3859 974 3941 σωτηρίᾳ
1005 3855 1081 3943 παρ’
1110 3857 1224 3921 ἑαυτοῦ
1253 3857 1308 3944 τήν
1329 3858 1379 3920 αλ-

241 3960 401 4040 τιολογίαν
423 3965 458 4047 (1.
480 3960 680 4048 ἀναλογίαν)
702 3963 925 4049 ποιησόμενος.

335 4213 376 4269 13.
394 4211 517 4285 εὑρόντα]
536 4213 623 4285 εόριόν
642 4211 663 4268 C
681 4211 711 4268 M
881 4215 923 4269 15.
951 4217 1031 4287 ίγειν]
1049 4212 1210 4286 Βοεροειιει
1231 4217 1286 4288 ἔχει
1304 4211 1326 4268 C
1344 4211 1377 4277 M.

241 4308 288 4380 qui
304 4315 367 4379 pout
384 4308 539 4380 λεγομένοις
557 4306 632 4360 addit
650 4307 712 4359 ο1ἀν
729 4306 773 4360 vel
792 4303 857 4360 ὅθεν
1009 4309 1049 4362 16.
1074 4303 1116 4383 ήν]
1135 4302 1205 4374 ἦνῦ
1340 4307 1377 4360 19.

241 4400 288 4455 καλ
305 4399 346 4469 τὰ]
366 4399 431 4454 κατὰ
450 4397 472 4454 (1
490 4395 520 4453 Μ
626 4399 743 4452 22-27.
763 4396 805 4453 Cf.
827 4416 889 4453 cum
908 4398 950 4453 hia
969 4397 1113 4454 Irenaeum
1132 4421 1154 4455 ε.
1173 4403 1245 4456 λαιι.
1264 4396 1343 4462 MS,
1358 4399 1377 4462 1,

244 4493 322 4547 cuius
341 4507 439 4561 graeca
458 4491 540 4546 verba
559 4509 592 4546 ex
613 4488 735 4546 Eusebio
755 4490 864 4556 hausta,
893 4503 1067 4568 veteremque
1096 4495 1250 4549 εειείοιιοια
1272 4493 1377 4548 latinam
