3002 4958
427 1185 966 1282 Piidiidd'ild.

616 1426 781 1443 ———-

213 1632 287 1696 Cum
313 1639 385 1698 ente
407 1631 463 1697 hos
487 1641 559 1698 octo
583 1653 684 1699 annos
706 1638 735 1698 in
758 1635 879 1699 Nuntiis
902 1635 1055 1698 litterariis
1081 1595 1270 1713 Gottingen‘-

123 1759 249 1849 sitast]
281 1761 321 1826 de
350 1781 463 1846 opere,
494 1763 577 1845 quod
606 1763 784 1828 inscribitur
813 1763 957 1846 Oriqem's
986 1761 1270 1842 Pditoaopdumeaa,

119 1893 188 1956 aiae
212 1893 347 1954 omnium
369 1892 546 1955 daereriam
567 1892 726 1971 refutatio,
750 1900 812 1956 tum
831 1893 959 1974 primum
974 1909 991 1953 a
1008 1893 1073 1953 viro
1092 1889 1269 1952 doctissimo

121 2018 326 2083 Emmanueie
361 2017 481 2084 itiitere
514 2039 532 2083 e
562 2017 674 2084 oodiee
708 2019 865 2094 Parisino,
901 2019 953 2101 qui
985 2017 1087 2100 paullo
1126 2023 1197 2079 ante
1228 2031 1269 2077 ex

124 2149 258 2214 Graecia
284 2149 390 2212 altatus
409 2157 485 2234 erat,
509 2149 539 2212 in
560 2149 659 2213 iucem
679 2151 762 2214 edito
778 2167 977 2234 exponerem,
998 2166 1132 2230 nequeo
1149 2164 1267 2210 summo

123 2279 174 2344 itio
200 2279 357 2342 ecelesiae
380 2279 613 2344 Alexandrinae
636 2281 783 2365 doctore,
811 2279 868 2344 sed
891 2277 929 2343 ab
953 2279 1118 2362 Hippolyto
1142 2277 1173 2341 id
1197 2293 1268 2340 esse

7 2445 11 2472 .·
122 2411 272 2493 seriptum
294 2409 428 2490 probare
445 2407 613 2494 studerem,
636 2409 692 2473 sub
708 2407 799 2473 tinem
822 2407 1067 2472 commentarioli
1081 2409 1139 2471 iam
1157 2425 1267 2472 nouam

121 2537 189 2602 iibri
217 2557 234 2602 a
258 2535 514 2620 Schneidewino,
544 2537 666 2622 eotiega
691 2554 760 2601 meo
785 2537 1049 2616 coniunctissimo,
1073 2541 1105 2598 et
1126 2553 1176 2597 nne
1198 2535 1266 2616 ipso

124 2664 338 2730 communibus
368 2667 475 2730 stadiis
509 2665 718 2731 adornandum
752 2666 879 2747 promisi
914 2665 1082 2729 editionem
1118 2664 1264 2726 criticam.

122 2795 210 2860 itend
240 2794 392 2860 mediocri
415 2795 506 2858 enimi
530 2793 644 2860 ardore
668 2813 733 2859 rem
757 2795 918 2878 aggressi,
949 2795 1060 2887 iterum
1084 2810 1121 2855 ao
1143 2790 1268 2872 saepius

7 3013 8 3018 ἵ
121 2923 233 2988 tibrum
246 2925 334 2987 simut
351 2924 611 3008 recognoscendo
626 2930 657 2986 et
675 2920 898 3006 perscrutando
915 2928 948 2984 et
966 2920 1118 2985 communi
1134 2917 1265 2983 oonsilio

7 3123 9 3144 1
121 3060 241 3116 textum
272 3051 466 3117 emendando
491 3070 527 3115 ae
551 3051 698 3116 versione
720 3051 813 3115 iatine
837 3053 980 3133 notisque
1003 3049 1185 3114 ittnstrando
1210 3066 1266 3131 per

121 3179 242 3262 aliquot
264 3197 362 3245 nnnos
385 3179 500 3245 diiiieili
525 3181 625 3245 labori
648 3179 867 3245 insudavimus.
914 3179 1112 3262 Opusautem
1128 3187 1265 3241 nostrum

121 3317 250 3391 propter
272 3325 412 3392 caussas,
433 3326 509 3391 quos
534 3326 718 3371 enumerare
741 3308 867 3391 tongum
891 3315 947 3392 est,
972 3316 1097 3389 praeter
1119 3306 1265 3372 volunta·-

120 3444 181 3500 tem
207 3436 325 3502 tardius
348 3439 520 3520 processit,
543 3441 584 3502 ite
607 3445 657 3520 ut,
687 3456 756 3501 oum
786 3435 1043 3502 Schneidewious
1071 3433 1167 3498 tribus
1199 3437 1265 3498 sere

121 3565 234 3630 abhinc
256 3566 344 3629 annis
367 3567 525 3648 inopinata
548 3585 585 3630 ao
607 3573 803 3649 praematura
826 3574 926 3630 morte
950 3575 981 3628 et
1003 3564 1110 3629 litteris
1133 3571 1164 3627 et
1186 3567 1265 3629 nmi-

123 3693 165 3757 eis
199 3694 392 3778 eriperetur,
424 3692 560 3758 nondum
589 3694 712 3758 dimidio
742 3711 815 3776 pers
847 3695 940 3758 totius
971 3691 1041 3755 libri
1072 3693 1153 3776 typis
1182 3700 1265 3756 esset

124 3822 286 3905 exscripta.
352 3821 420 3897 Ono
449 3823 528 3887 tristi
563 3842 636 3888 oasu
666 3823 754 3888 soeio
783 3825 888 3905 operis
924 3823 1138 3888 sollertissimo
1170 3831 1262 3906 atque

125 3949 356 4033 exoptatissimo
381 3947 506 4015 orbatus
535 3969 603 4014 oum
632 3949 740 4015 iisdem
774 3950 884 4016 diebns
912 3953 1002 4015 etiem
1030 3951 1263 4015 benevolentis-

126 4076 229 4140 simum
262 4075 370 4142 horum
408 4075 578 4143 studiorum
610 4087 787 4143 nostrorum
833 4077 985 4143 fautorem
1010 4089 1102 4162 etque
1136 4081 1261 4144 adiuto-

125 4221 207 4290 rem,
251 4204 394 4271 caiolum
440 4205 630 4272 Friderieum
676 4207 903 4293 normannum,
945 4210 1042 4272 virum
1084 4207 1262 4271 immortalis

177 4374 198 4450 ’)
215 4373 408 4447 Gdttingiaohe
423 4377 548 4450 gelehrte
557 4376 709 4448 Anaeigsn.
746 4373 885 4448 trhrgmg
903 4377 982 4433 iiiiii.
1002 4375 1086 4431 Stiielr
1110 4379 1262 4434 tte-tte.

131 4463 157 4520 S.
177 4470 360 4526 toto-1550.
