3052 4984
606 385 852 443 uncunsnunu.
1236 383 1298 447 467

242 547 290 610 15.
345 549 529 633 Baptismum
562 553 652 636 igitur
682 552 861 636 gregalibus
895 558 958 616 suis
990 555 1021 616 in
1056 553 1138 616 hunc
1176 552 1299 616 modum

152 655 257 739 tradit,
281 658 350 721 tatia
373 658 524 741 quaedam
548 659 655 722 dicens
678 660 831 724 seductis:
853 661 889 724 Si
912 664 980 742 qais
1002 665 1114 743 ipim,
1134 663 1208 742 titii,
1232 665 1322 724 coi-1

151 765 198 826 oit
219 784 287 826 eam
317 767 522 850 qualicunque
551 767 649 830 bestia
679 769 730 832 aet
756 769 893 830 masculo
923 769 975 832 aet
1005 788 1114 832 sorore
1144 769 1195 832 oet
1224 769 1301 848 fitia,

151 873 203 934 net
222 875 412 938 adulteravit
432 877 483 939 oet
505 883 661 938 scortatus
687 885 749 954 est,
784 878 908 958 vultque
942 879 1152 940 remissionem
1184 897 1302 958 pecca-

154 989 254 1043 torum
274 985 435 1061 nonensi,
468 985 658 1064 immerqitor
684 987 795 1047 iterum
827 987 1005 1047 innomine
1032 988 1137 1067 moqni
1160 996 1192 1048 et
1210 987 1303 1048 attis-

152 1090 223 1150 simi
245 1091 295 1151 dei
318 1098 349 1153 et
371 1093 404 1154 in
425 1093 546 1154 nomine
566 1093 625 1172 filii
646 1095 713 1154 eins
725 1140 735 1170 ,
767 1094 871 1174 mapni
900 1095 1006 1174 repis,
1042 1102 1072 1155 et
1093 1103 1246 1174 purpotor
1275 1103 1328 1156 eta

152 1199 317 1260 mandator
345 1206 376 1260 et
403 1208 592 1262 contestatur
620 1199 681 1261 sibi
709 1209 824 1281 reptem
854 1202 930 1262 istos
959 1209 1050 1263 testes
1081 1203 1115 1264 in
1140 1202 1198 1263 boc
1227 1199 1305 1262 libro

153 1306 306 1385 scriptos:
328 1307 447 1368 caetum
469 1314 500 1368 et
523 1327 635 1388 aquam
657 1317 688 1369 et
708 1311 837 1389 spiritus
851 1318 983 1372 sanctos
1017 1317 1048 1370 et
1079 1311 1207 1390 anqelos
1225 1329 1304 1390 pre-

155 1415 287 1476 cationis
309 1425 338 1476 et
359 1416 460 1476 oleum
482 1424 513 1476 et
533 1417 629 1478 ratem
659 1424 690 1478 et
717 1422 842 1478 terram.
899 1417 941 1479 Ea
971 1423 1042 1478 sunt
1075 1417 1201 1480 mirifica
1235 1437 1306 1500 my-

155 1522 249 1583 steria
272 1521 414 1585 Eicbasai
437 1541 548 1586 areana
573 1522 622 1587 iiia
647 1541 842 1607 magnaque,
867 1541 945 1604 quae
969 1524 1060 1596 tradit
1082 1524 1184 1606 dignis
1208 1523 1305 1586 disci-

156 1628 248 1708 pulis3
268 1630 298 1691 in
322 1630 432 1710 quibus
456 1629 536 1694 baud
559 1630 729 1711 acquiescit
757 1631 865 1714 impius
893 1631 970 1715 iste,
1005 1630 1061 1693 sed
1089 1648 1194 1694 coram
1225 1632 1345 1694 duo-10

155 1735 213 1798 bus
237 1736 395 1819 tribusque
419 1740 547 1802 testibus
577 1743 740 1820 consignat
764 1737 841 1803 raaia
864 1757 921 1801 sua
943 1755 1049 1800 rursus
1082 1739 1123 1802 ita
1155 1738 1306 1802 dicendo:

158 1843 276 1907 Rursus
310 1848 378 1923 aia,
409 1865 428 1907 o
461 1847 594 1908 adulteri
629 1855 660 1908 et
690 1847 851 1908 adulterae
884 1856 915 1908 et
945 1847 1249 1927 pseudoprophetae,
1282 1847 1311 1907 si

156 1953 425 2030 renuntiandis,
447 1961 482 2015 ut
501 1963 635 2035 peccata
657 1953 745 2017 nobis
767 1955 981 2016 remittantur:
1004 1962 1034 2015 et
1055 1953 1143 2017 cobis
1161 1973 1229 2035 pon
1242 1928 1312 2016 ¹erit

156 2067 187 2120 et
209 2079 278 2123 sors
301 2081 369 2122 cum
391 2063 495 2146 iustis,
517 2063 648 2125 simulac
668 2065 799 2144 prinmm
827 2062 909 2124 bano
936 2061 1048 2128 tibrum
1074 2064 1258 2126 audiveritis
1280 2069 1311 2124 et
1359 2078 1363 2086 ·

155 2169 266 2230 iterum
289 2171 423 2232 immersi
449 2171 571 2247 [ueritis
599 2190 667 2232 cnm
691 2172 876 2233 indumentis
898 2172 1018 2233 nestris.
1075 2169 1137 2235 Sed
1162 2169 1348 2250 quoniamtu

156 2277 414 2342 incantationibus
437 2277 505 2342 illas
529 2279 569 2342 uti
594 2278 724 2342 diximus
754 2278 792 2343 ed
826 2297 901 2363 eos,
933 2279 985 2360 qui
1014 2297 1030 2340 a
1064 2278 1191 2340 canibus
1215 2279 1310 2343 marsi

157 2393 242 2469 sunt,
281 2385 442 2469 aliosque,
477 2388 692 2450 ostendemus:
730 2389 771 2450 ait
804 2395 903 2450 autem
935 2387 966 2447 in
997 2385 1078 2448 bunc
1107 2384 1243 2448 modurn:
1275 2385 1311 2447 Si

156 2493 253 2574 ipitur
275 2514 362 2575 quem
384 2495 484 2558 airum
506 2497 558 2560 aet
577 2496 734 2559 mutierem
762 2496 814 2558 oei
839 2495 1063 2557 adolescentem
1098 2495 1149 2558 aet
1175 2495 1312 2576 pueliam

159 2603 247 2664 canis
267 2603 411 2665 rabiosus
434 2613 464 2665 et
484 2602 610 2682 sarens,
635 2605 668 2665 in
690 2623 748 2686 qao
772 2612 817 2665 est
838 2603 967 2684 spiritus
985 2603 1155 2683 perniciei,
1178 2619 1312 2664 momor-

158 2711 239 2772 derit
259 2712 310 2775 aet
329 2720 429 2774 cester
452 2713 611 2776 disciderit
632 2713 684 2775 aet
704 2712 852 2793 eruperit,
875 2712 992 2772 currito
1013 2709 1120 2772 eadem
1142 2710 1221 2773 born
1243 2716 1349 2773 aarmto

161 2827 222 2881 tota
245 2820 356 2883 uestita
389 2826 421 2881 et
441 2820 493 2882 ubi
520 2822 714 2883 descenderit
741 2821 774 2882 in
798 2817 922 2898 fluvium
946 2819 998 2881 aet
1018 2819 1051 2879 in
1070 2816 1204 2902 sontem,
1237 2817 1310 2880 ubi-

157 2927 205 2989 eis
230 2927 270 2988 sit
301 2927 387 2989 toene
418 2926 610 3007 prosumus,
645 2928 835 3009 immerpitor
866 2944 933 2988 eum
964 2932 1028 2987 toto
1055 2927 1168 2988 uestitu
1204 2943 1261 2988 suo
1283 2935 1315 2988 et

156 3054 266 3115 preces
294 3033 393 3113 facito
416 3036 459 3097 ad
478 3053 631 3115 mapnum·
648 3035 887 3115 citissimumque
916 3035 1004 3095 deum
1033 3053 1074 3095 ea
1101 3033 1209 3102 ,cordis
1235 3035 1307 3114 tide,

158 3149 279 3225 tumque
313 3151 499 3206 contestatur
528 3151 642 3224 septem
672 3144 743 3205 ilios
774 3144 808 3204 in
835 3142 893 3203 boc
926 3140 1007 3202 tibro
1034 3142 1167 3220 scriptos
1196 3147 1312 3207 testes:

157 3249 238 3313 Ecce
262 3258 416 3314 contestor
438 3252 556 3315 ecetram
579 3260 610 3314 et
627 3270 737 3333 aquom
768 3257 799 3312 et
823 3251 951 3330 spiritus
983 3256 1108 3311 sanctos
1130 3257 1161 3310 ct
1183 3250 1350 3329 anastasia

154 3363 346 3440 precationis
376 3368 407 3422 et
428 3361 528 3424 atenm
557 3367 588 3421 et
618 3361 713 3422 satem
742 3367 773 3420 et
803 3364 927 3419 terrum.
987 3359 1110 3436 Septem
1137 3356 1193 3418 bos
1220 3359 1313 3419 teste8

159 3526 304 3602 Roaperua
474 3531 500 3585 5.
521 3529 566 3600 ἀφ’
584 3520 625 3599 οὗ]
645 3529 695 3599 ἀφ’
714 3519 783 3594 »²150
802 3525 831 3582 M
852 3525 941 3581 Sicuti
959 3543 1011 3580 nas
1032 3537 1212 3582 correxerunt
1230 3529 1312 3582 etiem

160 3619 304 3694 Resperus
323 3632 352 3677 et
369 3619 403 3676 ll.
424 3621 546 3678 Scottus.
585 3619 627 3676 Gt.
647 3621 695 3676 liu.
719 3623 751 3674 19
901 3622 927 3674 7.
956 3621 1044 3685 αὐτοῦ,
1062 3617 1118 3696 τοῦ]
1144 3621 1224 3676 nimi
1244 3619 1265 3676 C
1284 3620 1314 3678 M

158 3717 204 3768 καὶ
222 3713 405 3790 nodomarium]
425 3714 597 3785 καθαρισάτω
624 3709 695 3768 CM
848 3713 961 3766 tu—tt.
992 3709 1034 3767 Cf.
1063 3711 1200 3786 Epiphau.
1226 3711 1312 3772 fluet.

159 3803 238 3872 xlx,
260 3808 287 3862 i:
316 3807 375 3861 nore*
398 3808 427 3861 di
451 3807 532 3860 πάλιν
557 3807 651 3868 ἄλλους
674 3804 814 3878 μάρτυρας
836 3805 898 3860 imeri
927 3805 1100 3878 ὁρισάμενος,
1125 3809 1170 3862 τὸν
1195 3807 1313 3879 οὐρανὸν

160 3901 244 3971 φημί,
263 3898 310 3951 nni
328 3897 355 3951 ri
373 3895 467 3973 ὕδωρ,
492 3899 538 3953 uni
562 3899 699 3972 πνεύματα
727 3903 822 3970 φησίν,
848 3899 895 3951 καὶ
920 3898 1016 3972 dyieor
1040 3899 1099 3961 roric
1124 3898 1255 3971 ἀγγέλους
1270 3897 1314 3964 τῆς

157 3993 318 4066 προσευχῆς,
337 3993 383 4044 nai
396 3993 424 4046 ri
443 3995 547 4058 ἔλαιον,
567 3994 613 4047 eui
630 3994 658 4046 ri
677 3991 758 4057 ἅλας,
777 3991 824 4046 nai
842 3991 886 4058 τὴν
903 3992 961 4064 γῆν.
1098 3993 1139 4046 13.
1160 3992 1272 4063 diluant
1291 3987 1313 4045 C

161 4085 202 4138 Π.
229 4081 354 4138 ditares}
500 4086 545 4138 2¹.
565 4081 722 4160 drddpnoer]
748 4087 865 4159 idpomr
890 4101 966 4157 susp.
995 4082 1177 4139 litescunt.
1268 4084 1313 4138 23.

153 4177 197 4232 'Aa
215 4177 266 4229 τιν’
289 4171 346 4246 οὖν]
360 4175 404 4232 'Aa
423 4177 501 4230 ιινῶν
519 4174 541 4231 C
560 4175 602 4232 M:
614 4177 705 4232 ‘Dana’
727 4171 775 4232 οὖν
794 4176 827 4233 R.
848 4175 960 4232 Scottus
1164 4175 1208 4230 25.
1232 4195 1314 4246 περι-

159 4267 245 4344 σχίσῃ]
266 4265 334 4323 Cod.
354 4273 475 4340 nsqudaq
497 4286 558 4323 curn
578 4287 661 4340 parvo
689 4270 789 4335 ductu,
816 4271 862 4343 qui
888 4269 997 4323 videtur
1025 4267 1117 4320 ultime
1144 4284 1206 4337 pars
1234 4267 1315 4322 litte-

158 4381 203 4417 rae
219 4383 248 4434 χ.
273 4360 318 4417 M:
345 4363 489 4435 περισχάση
510 4361 653 4434 Roeperus
823 4365 867 4416 27.
895 4360 965 4416 inae
991 4361 1036 4429 cir]
1070 4357 1137 4412 inor
1168 4359 1216 4412 trio
1244 4357 1313 4414 cM

156 4457 202 4511 28.
222 4451 280 4532 σὺν]
301 4472 345 4509 om
365 4451 386 4509 C
404 4453 433 4508 Μ
581 4457 626 4509 29.
652 4455 855 4528 προσιυξᾰσθω]
883 4452 1075 4524 προσδεξάσθω
1095 4447 1116 4504 G
1266 4455 1311 4508 30.

158 4545 423 4621 ἐπιμαρτυρήσθωῦ
574 4549 619 4603 32.
639 4549 683 4604 33.
712 4546 779 4602 Vae.
805 4547 944 4620 arripere
968 4547 1064 4599 tecuae
1090 4543 1259 4615 absorptum.
1282 4544 1310 4600 Μ

943 4645 1014 4712 30*
