3050 4988
640 347 787 408 nunctis
1221 339 1285 406 319

136 529 251 596 soene,
275 512 409 576 ultimum
431 510 587 576 hominem
610 511 648 575 ad
671 513 942 595 regenerationem
963 509 1052 591 primi
1073 509 1205 576 hominis
1228 529 1287 593 ap-

137 618 290 699 paruisse.
335 617 430 680 liuius
462 616 703 698 dispensationis
736 614 852 678 initium
887 620 919 676 et
948 611 1038 675 finem
1069 621 1185 678 sextam
1215 633 1287 679 esse

139 725 259 798 horam,
282 724 313 786 in
337 741 397 805 qua
420 721 530 787 affixus
553 730 600 787 est
622 724 716 787 cruci.
772 721 941 786 Perfectum
971 723 1051 784 enim
1080 722 1214 786 Mentem
1238 725 1288 786 in-

139 829 328 914 telligentam
351 832 506 894 senarium
529 850 706 915 numerum,
743 831 795 911 qui
824 835 1008 911 potestatem
1038 828 1167 894 haberet
1193 832 1311 894 crea-¹

139 938 232 1001 tionis
270 944 301 1000 et
330 938 597 1022 regenerationis,
628 936 871 1000 manifestavisse
904 934 973 998 liliis
1007 937 1084 1000 lucis
1119 955 1176 1020 per
1208 957 1288 1024 eum,

139 1044 191 1124 qui
214 1044 350 1124 apparuit
373 1045 512 1128 insignis,
535 1065 613 1127 earn,
634 1062 714 1126 quaa
736 1062 793 1125 per
815 1046 914 1124 ipsum
935 1048 1044 1124 postea
1065 1046 1209 1126 accessit,
1232 1063 1289 1107 re-

139 1152 385 1233 generationem.
430 1151 518 1214 Unde
541 1153 631 1215 etiam
656 1151 791 1232 duplices
812 1150 930 1213 litteras
953 1151 1106 1232 insignem
1129 1168 1287 1213 numerum

141 1255 257 1320 laabere
280 1259 338 1336 ait3
371 1258 501 1339 insignis
532 1259 612 1320 eninr
641 1275 786 1320 numerus
811 1259 993 1322 commixtus
1015 1257 1121 1342 viginti
1144 1261 1311 1339 quattuort

138 1361 248 1426 litteris
271 1364 395 1446 triginta
419 1363 588 1427 litterarum
611 1382 725 1428 nomen
748 1365 860 1429 effecit.

227 1467 279 1535 48.
326 1471 404 1534 Usus
428 1478 528 1534 autem
553 1480 601 1535 εει
627 1473 765 1535 ministra
794 1481 912 1554 septem
941 1489 1139 1534 numerorum
1165 1470 1288 1554 magni-

141 1577 264 1662 tudine,
286 1587 320 1642 ut
342 1579 460 1643 consilii
483 1585 618 1642 asemel
640 1581 708 1660 ipso
731 1580 862 1643 consulti
891 1578 1140 1642 manifestaretur
1161 1578 1287 1642 fructus.

140 1686 294 1768 insignem
318 1693 418 1750 autem
446 1687 672 1769 inpraesenti,
708 1688 764 1771 ait,
794 1685 932 1770 intelligo
963 1703 1049 1769 eum,
1083 1686 1136 1767 qui
1163 1685 1214 1749 die
1238 1689 1289 1748 in-

139 1795 220 1877 signi
243 1793 393 1858 formatus
419 1800 483 1878 est,
514 1795 566 1874 qui
599 1795 687 1875 quasi
718 1793 895 1876 dispertitus
928 1801 976 1858 est
999 1801 1030 1856 et
1059 1801 1147 1858 extra
1169 1796 1288 1880 mansit,
1298 1798 1328 1852 ιι

141 1903 195 1984 qui
216 1903 311 1983 ipsius
335 1909 488 1984 potestate
508 1909 540 1965 et
562 1902 766 1985 intelligentia
785 1920 843 1983 par
865 1902 960 1983 ipsius
983 1903 1186 1984 propaginem
1208 1901 1290 1965 launo

139 2018 258 2090 septena
287 2015 473 2090 potestatum
510 2009 679 2080 imitatione
715 2008 922 2090 septemplicis
957 2010 1117 2090 potestatis
1147 2011 1291 2073 animavit

140 2117 294 2200 mundum,
318 2134 450 2198 eumque
471 2117 600 2179 animam
626 2117 783 2180 constituit
803 2133 875 2181 esse
897 2117 1033 2180 universi
1056 2116 1189 2181 visibilis.
1223 2117 1290 2181 Uti-

143 2280 299 2344 vissimum
320 2276 475 2341 hominem
498 2278 530 2340 in
552 2278 826 2360 regenerationem
848 2280 936 2360 primi
952 2279 1082 2343 lacrninis
1101 2282 1290 2366 apparuisse,

142 2387 230 2450 caius
252 2385 458 2467 dispositionis
481 2385 596 2448 initium
621 2393 652 2448 et
674 2385 764 2448 inem
788 2394 909 2450 sextam
942 2385 1065 2470 horam,
1094 2387 1125 2450 in
1157 2405 1216 2470 qua
1240 2387 1291 2450 af-

141 2491 219 2554 fixus
243 2497 291 2555 est
312 2491 406 2575 ligno.
452 2489 623 2555 Perfectum
656 2493 737 2554 enim
764 2510 889 2558 sensum
911 2495 1061 2558 scientem
1084 2512 1153 2556 eurn
1177 2512 1290 2558 nurne-

140 2618 226 2683 rum,
248 2598 301 2680 qui
323 2605 373 2662 est
393 2614 467 2679 sex,
490 2599 631 2662 virtutem
661 2598 871 2664 fabricationis
901 2608 932 2664 et
960 2603 1207 2683 regenerationis
1230 2600 1289 2664 ha-

140 2708 279 2789 bentem,
313 2705 531 2769 manifestasse
561 2705 629 2768 liliis
662 2705 784 2770 luminis
822 2725 889 2771 eam
919 2710 1173 2794 generationem,
1210 2727 1289 2790 quac

142 2815 222 2879 facta
246 2820 294 2876 εει
315 2830 371 2894 per
394 2831 474 2896 eum,
497 2813 550 2895 qui
572 2813 781 2878 manifestatus
803 2821 850 2879 est
871 2815 1018 2900 insignis,
1040 2817 1070 2878 in
1091 2835 1161 2880 eum
1177 2834 1291 2879 nume-

142 2941 219 2985 rom.
264 2921 342 2984 llinc
364 2921 454 2983 etiam
476 2926 506 2981 et
529 2919 667 3002 duplices
688 2919 805 2983 litteras
828 2938 987 2984 numerum
1011 2923 1161 3006 insignem
1175 2921 1291 2986 habere

143 3030 193 3092 ait.
239 3027 371 3112 insignis
404 3027 486 3090 enirn
516 3045 663 3091 numerus
692 3029 873 3091 commixtus
903 3029 1012 3111 viginti
1045 3035 1188 3112 quattuor
1220 3029 1291 3094 ele-

143 3136 253 3200 mentis
276 3135 362 3199 XXX
383 3134 551 3199 litterarum
575 3152 689 3197 nomen
714 3135 869 3217 explicuit.

230 3243 261 3305 7.
305 3241 385 3304 Usus
408 3248 455 3304 εει
477 3248 579 3304 autern
602 3242 736 3305 diacono
765 3250 882 3324 septena
912 3261 1110 3308 numerorum
1133 3246 1290 3328 magnitu-

144 3347 230 3429 dine,
253 3347 507 3431 quemadmodum
533 3348 606 3411 dicit
626 3348 721 3412 llarci
743 3350 836 3434 Siga,
860 3357 893 3413 ut
911 3353 996 3414 absa
1020 3353 1175 3435 cogitatae
1199 3352 1292 3436 cogi-

145 3455 268 3518 tationis
291 3455 504 3520 manifestetur
526 3455 653 3518 lructus.
698 3456 736 3519 Et
758 3458 911 3541 insignem
931 3458 1052 3540 quidem
1076 3457 1158 3521 hunc
1180 3475 1293 3520 nume-

145 3580 211 3626 rum
233 3563 264 3626 in
286 3561 443 3644 praesenti
466 3563 507 3624 ait
532 3581 618 3643 eum,
653 3563 704 3643 qui
727 3562 765 3625 ab
789 3565 902 3647 insigni
924 3564 1070 3646 figuratus
1102 3573 1166 3644 est,
1199 3557 1294 3629 intel-'

144 3669 214 3752 ligi,
239 3687 324 3750 eum,
349 3670 400 3751 qui
422 3670 509 3750 quasi
532 3669 562 3731 in
586 3675 688 3750 partes
712 3670 827 3734 divisus
851 3679 898 3734 est
921 3680 973 3735 aut
993 3671 1152 3753 praecisus
1170 3678 1202 3734 et
1218 3671 1293 3734 foris

143 3779 371 3859 perseveravit,
392 3777 444 3857 qui
468 3793 523 3838 sua
546 3776 658 3839 virtute
682 3785 711 3839 et
733 3778 895 3860 prudentia
924 3797 981 3861 per
1013 3796 1099 3860 earn,
1131 3796 1211 3860 quae
1245 3783 1294 3842 est

144 3885 182 3947 ab
207 3901 262 3969 eo,
286 3885 483 3948 emissionem
505 3882 603 3962 hunc,
634 3884 686 3963 qui
717 3892 764 3947 est
795 3893 913 3968 septem
945 3888 1087 3949 virtutum
1121 3886 1292 3949 secundum

144 3989 342 4054 imitationem
377 3990 580 4054 hebdomadis
613 3993 749 4073 virtutis,
789 3993 934 4056 animavit
962 3993 1125 4076 mundum,
1156 4002 1184 4058 ει
1222 3995 1293 4056 ani-

144 4111 221 4156 mam
247 4096 350 4175 posuit
372 4113 443 4158 esse
466 4094 556 4158 huius
579 4095 739 4179 universi,
770 4095 852 4177 qnod
874 4096 1006 4159 videtur.
1062 4096 1161 4159 Utitur
1190 4103 1292 4160 autern

143 4247 268 4319 γεννῆσαι
286 4249 324 4310 ὥς
341 4245 468 4321 ἔχονταῦ
559 4250 603 4303 59.
621 4249 706 4316 rivet
719 4251 757 4311 εἰς
774 4249 883 4304 uncinis
902 4249 1063 4304 inclusimus
1153 4249 1293 4320 ἐπισήμου]

142 4339 318 4414 ἔπεσὴμωςῦ
409 4343 454 4396 60.
471 4339 631 4417 γράμματα]
649 4341 838 4415 πράγματαῦ
929 4345 973 4399 65.
997 4341 1093 4413 βουλῆς
1110 4340 1162 4394 add
1180 4337 1210 4393 Μ
1229 4341 1292 4396 coll.

144 4431 217 4489 lreu.
302 4437 345 4489 69.
365 4433 455 4488 ωῢτον
472 4435 517 4487 adv
535 4429 590 4508 [ιὴν
608 4433 687 4503 ζωὴν]
705 4431 767 4510 τῶν]
786 4437 876 4490 τοῦτον
893 4437 938 4504 τὴν
956 4436 1023 4502 ζωὴν
1040 4435 1091 4488 τῶν
1110 4431 1147 4487 C:
1165 4434 1210 4500 τὴν
1227 4435 1295 4501 ζωὴν

144 4543 178 4580 ex
201 4528 323 4596 margine
345 4527 451 4582 illatum
475 4526 597 4592 ridetur,
624 4526 766 4598 pertinens
792 4527 909 4584 fortasse
928 4529 962 4584 ad
981 4526 1070 4597 ψυχὴν
1086 4525 1136 4580 liu.
1155 4527 1200 4580 70.
1219 4523 1249 4579 Μ
