3006 4976
636 316 816 376 uenissent.
1236 310 1296 379 165

155 497 247 564 gnus,
269 480 359 544 sicuti
381 479 448 561 ipae
474 477 687 566 hierophanta,
710 500 773 546 non
797 482 919 546 excisus
935 481 987 545 ille
1005 479 1139 565 quidem,
1163 488 1195 545 ut
1209 481 1299 565 Attis,

155 585 216 650 sed
238 583 396 648 eunuchus
418 586 516 650 lectus
538 603 596 667 per
617 588 747 651 cicutam
771 595 803 650 et
825 593 1007 668 aspernatus
1031 585 1153 650 omnem
1182 604 1297 650 carna-

154 692 216 756 lem
239 692 484 777 generationem,
506 699 599 756 noctu
622 693 767 756 Eleusine
793 694 874 756 inter
896 693 1005 757 multos
1027 691 1117 776 ignes
1139 709 1296 775 peragens

155 815 269 880 magna
297 806 469 863 stancona
498 799 642 880 mysteria
671 798 781 863 clamat
807 806 839 863 et
859 797 1048 863 vociferatur
1071 798 1193 862 dicens:
1229 789 1335 860 So-ao

154 923 242 966 crues
260 905 381 985 peperit
403 905 487 967 ulmo
503 882 637 984 paelicem
659 903 763 968 Brimo
784 905 928 986 Britanna,
957 903 1018 966 lnoc
1042 911 1090 966 est
1112 902 1210 966 valida
1234 923 1291 966 va-

154 1008 260 1074 lidum.
303 1007 393 1074 Alma
413 1015 514 1072 autern
538 1017 601 1094 est,
622 1010 734 1093 iuquit,
757 1011 918 1093 generatio
942 1008 1118 1090 spiritualia,
1141 1007 1294 1092 caelestis,

153 1114 306 1197 eunucis,
334 1114 454 1180 validus
481 1120 580 1178 autern
613 1123 660 1178 est
690 1118 741 1196 qni
772 1115 817 1178 sio
849 1119 1016 1200 generatus
1047 1121 1102 1178 est.
1160 1114 1296 1177 Vocatur

154 1223 237 1284 enirn
261 1222 435 1304 mysterium
453 1220 580 1286 Eleusin
602 1228 634 1285 et
647 1221 854 1284 Assoctoriom.
897 1221 1033 1302 Eleusin,
1056 1221 1127 1299 quia
1148 1221 1296 1302 venimus,

155 1329 263 1410 inquit,
285 1327 457 1408 spirituales
480 1326 615 1410 desuper
636 1326 673 1390 ab
696 1326 867 1390 Adamante
896 1326 1014 1408 delepsi
1043 1325 1138 1404 inlra;
1172 1322 1334 1386 teum-u

156 1433 241 1494 eom
270 1433 371 1515 enim,
394 1433 508 1516 inquit,
532 1432 630 1496 estid
654 1433 735 1512 quod
758 1429 886 1507 itero,
909 1431 1118 1495 Anootoreum
1142 1438 1242 1494 autem
1266 1430 1295 1492 id

155 1537 240 1618 quod
263 1533 416 1599 deridete
437 1535 516 1598 ἄνω.
566 1537 634 1601 lico
657 1543 720 1620 est,
743 1537 858 1620 iuquit,
880 1537 961 1618 quod
987 1537 1093 1600 dicunt
1115 1537 1167 1617 qui
1189 1536 1296 1598 initiati

154 1651 228 1706 sunt
248 1641 475 1706 Eleusiniorum
498 1643 659 1724 mysteriis.
711 1642 860 1706 statutum
888 1648 990 1726 autem
1021 1647 1084 1726 est,
1119 1641 1171 1722 qui
1193 1641 1295 1722 parvis

154 1749 263 1812 initiati
286 1757 357 1812 suut
378 1756 410 1812 ut
432 1765 538 1812 rursus
560 1749 679 1832 magnis
701 1749 866 1812 initientur.
918 1747 1033 1811 ldortes
1056 1748 1137 1810 enim
1160 1747 1294 1821 maiores

156 1854 292 1918 maiores
314 1860 416 1918 sortes
438 1855 664 1918 nanciscuntur.
709 1854 804 1917 Parva
829 1861 940 1937 autem,
963 1853 1069 1936 inquit,
1092 1860 1163 1915 sunt
1177 1856 1318 1933 mysia-1

155 1961 201 2023 ria
222 1959 425 2041 Proserpinae
452 1959 551 2043 inira,
581 1958 621 2024 de
651 1959 760 2042 quibus
789 1951 940 2042 mysteriis
969 1965 1000 2022 et
1024 1959 1133 2022 semita
1162 1958 1295 2022 ducente

155 2065 244 2147 illuc,
277 2083 357 2146 qnae
384 2075 432 2130 est
461 2067 522 2130 lata
552 2072 584 2128 et
605 2068 741 2148 spatiosa
765 2065 937 2148 eademque
960 2066 1019 2130 lert
1041 2067 1232 2132 intereuntes
1255 2065 1293 2128 ad

154 2171 368 2254 Proserpinam
392 2169 539 2256 [salvator
561 2171 658 2257 dixit],
682 2178 714 2236 et
735 2179 827 2254 poeta
849 2191 924 2236 vero
948 2175 1005 2237 eit:
1231 2237 1234 2244 ,

325 2278 391 2340 Sed
410 2277 466 2340 rud
489 2280 587 2358 iprum
610 2286 657 2344 ert
676 2280 785 2342 cernito
806 2297 929 2362 mpero,
1305 2297 1320 2342 n

328 2384 424 2462 Coeo,
448 2383 568 2459 lotooo;
595 2402 634 2446 en
656 2392 757 2448 nutem
779 2387 892 2449 ducere
913 2386 1028 2466 optimo

326 2489 442 2552 Lucum
463 2491 497 2553 ia
516 2498 675 2554 noemmin
690 2509 803 2552 semme
824 2491 994 2554 honoratos
1020 2489 1153 2551 Veneris.

156 2594 250 2676 llaec,
272 2595 383 2678 inquit,
405 2603 476 2660 sunt
498 2614 593 2677 parva
615 2598 758 2678 mysterio
782 2595 913 2658 carnalis
935 2593 1162 2675 generationis,
1186 2591 1295 2672 quibus

157 2701 266 2764 initiati
294 2699 434 2764 homines
461 2700 567 2784 parvis
596 2687 796 2782 requiescere
829 2701 944 2766 debent
972 2706 1003 2763 et
1031 2699 1142 2763 initiari
1165 2695 1293 2778 magnis,

154 2805 351 2871 caelestibus.
401 2805 477 2870 Nam
499 2809 617 2892 sortiti,
641 2808 755 2891 inquit,
778 2809 828 2890 qui
850 2814 920 2872 sunt
942 2807 982 2870 ibi
1003 2811 1125 2887 sortes,
1162 2802 1333 2869 maioresm

155 2917 260 2991 partes
282 2912 509 2976 nanciscuntur.
553 2910 638 2973 llaec
661 2913 752 2995 enim,
774 2911 881 2994 inquit,
905 2915 952 2974 ost
974 2915 1062 2990 porte
1080 2907 1157 2970 caeli
1174 2905 1294 2970 ethaeo

157 3015 267 3080 domus
291 3013 359 3095 dei,
387 3016 439 3079 ubi
462 3014 562 3080 bonus
593 3015 669 3080 deus
691 3014 839 3080 inhabitet
860 3015 959 3099 solus,
988 3015 1020 3076 in
1042 3032 1132 3096 quern
1155 3029 1218 3075 non
1241 3009 1293 3072 in-

153 3120 262 3204 trobit,
293 3121 406 3204 inquit,
428 3122 565 3202 impurus
587 3121 681 3205 ullus,
705 3140 767 3186 non
790 3122 945 3203 animulis,
969 3138 1031 3184 non
1055 3119 1204 3202 carnalis,
1238 3117 1294 3180 sed

154 3233 332 3289 reservatur
354 3226 560 3308 spiritualibus
583 3227 673 3309 solis,
697 3246 758 3309 qno
782 3229 833 3309 qui
855 3228 1053 3308 pervenerint
1075 3226 1211 3306 abiicere
1232 3224 1293 3286 de-

153 3403 223 3472 ptis.
260 3399 323 3454 Vol.
334 3395 368 3454 ll.
385 3419 412 3472 p.
424 3401 504 3473 mle·
528 3401 563 3455 ci.
576 3400 636 3458 Jec.
648 3401 816 3475 Barnaysius
827 3403 847 3456 l.
859 3403 879 3458 l.
969 3403 1014 3457 79.
1033 3399 1101 3455 Post
1119 3399 1292 3472 Περσεφόνην

154 3489 263 3546 ridetur
282 3491 430 3546 excidisse:
457 3492 472 3544 ό
489 3492 572 3564 σωτὴρ
589 3497 704 3565 appare,
728 3511 790 3548 cunr
809 3493 951 3565 superiora
970 3501 1065 3564 aperte
1085 3491 1240 3546 rotarentur
1258 3491 1292 3544 ad

154 3583 246 3636 locum
257 3579 354 3638 Hattlt.
366 3585 392 3648 7,
413 3583 446 3637 13
467 3582 506 3638 ότι
523 3587 631 3639 πλατεῖα
650 3584 664 3652 ἢ
682 3585 750 3652 πόλει
768 3587 814 3640 arel
832 3584 985 3658 εόρόχωρυς
1001 3585 1016 3652 ἡ
1034 3584 1129 3651 tetri
1149 3582 1292 3656 ἀπάγουσα

152 3676 191 3734 stc
207 3673 251 3740 ripn
269 3673 411 3740 ἀπώλειαν,
429 3675 475 3730 καὶ
492 3679 586 3730 πολλοὶ
603 3679 669 3731 εἰσιν
687 3679 714 3730 ni
731 3678 909 3751 εἰσερχόμενοι
925 3677 958 3731 δι’
974 3675 1058 3742 αὐτῆς,
1077 3692 1148 3748 qnae
1165 3691 1292 3748 sequun-

154 3775 198 3826 tur
217 3773 309 3839 putem
327 3765 429 3837 opponi
448 3766 503 3822 illis
522 3766 669 3822 debebant.
777 3769 895 3824 eo-ee.
915 3767 1019 3823 Versus
1038 3775 1118 3822 antea
1138 3767 1246 3838 ignotos
1256 3763 1291 3820 Α.

153 3854 312 3912 lleinelrius
335 3859 426 3926 (Βίαν.
453 3863 534 3929 antiq.
562 3861 694 3931 llariory.
713 3877 738 3913 a.
761 3861 838 3916 1852.
858 3857 904 3924 lV,
930 3877 957 3932 p.
977 3859 1031 3914 375
1050 3858 1102 3931 sq.)
1138 3855 1294 3912 Parmenidi

153 3947 275 4012 ascribit,
295 3945 480 4018 Gosttlinpins
492 3951 596 4020 (Prope.
611 3953 686 4006 acad.
702 3954 762 4004 Jes.
777 3971 803 4027 a.
819 3952 967 4022 iemps)
990 3947 1112 4021 Pampho
1120 3947 1294 4004 Atheniensi.

152 4037 299 4112 Bosporus
328 4041 484 4114 suspicatur
508 4041 582 4095 idem
612 4042 765 4114 exemplum
791 4039 891 4098 Graeci
919 4051 1018 4115 poetae
1039 4041 1212 4096 obversatum
1232 4056 1294 4093 esse

151 4130 273 4202 Apuleio
292 4133 458 4204 dlatnmpk.
480 4131 525 4197 vt.
546 4133 588 4188 18
607 4131 684 4188 llild.
792 4136 838 4190 80.
857 4132 1041 4206 drpcnprch
1149 4133 1295 4204 όερνόεσσα

152 4219 224 4276 CM
330 4223 376 4279 81.
395 4220 411 4290 ἢ
428 4223 469 4293 d’]
488 4223 527 4292 ἥγ’
548 4220 583 4278 C:
611 4221 650 4290 ἥτ’
669 4222 698 4279 Μ
805 4226 851 4281 85.
869 4227 914 4282 86.
934 4225 1057 4297 λαχόντες
1074 4222 1178 4297 μόρους
1197 4225 1294 4294 [perilo-

150 4327 203 4370 νας
220 4311 299 4379 ledo]
324 4313 450 4382 μείζονας
465 4315 567 4383 pulpos
584 4314 665 4384 λαμρ.
682 4309 742 4366 Jac.
762 4311 930 4384 Bernapeius
950 4314 968 4366 l.
988 4314 1006 4367 l.
1114 4313 1160 4366 86.
1178 4311 1223 4364 87.
1249 4307 1292 4364 Cl.

152 4417 234 4474 supra
247 4419 274 4473 p.
287 4403 345 4467 156.
355 4403 400 4458 ts.
409 4419 450 4475 sq.
529 4403 575 4458 87.
598 4401 714 4473 dolans]
735 4402 876 4466 otxofcll
948 4406 993 4459 90.
1012 4403 1114 4472 βαλεῖν]
1133 4398 1293 4472 λαρεῖνΟΜ
