3050 4988
215 287 279 355 366
323 289 564 378 (ροσε-τεο.)
694 298 788 357 unna
809 299 867 374 vn,
891 303 941 358 τε.
957 303 1009 359 τι.

215 458 353 542 κόσμου,
376 459 495 536 κόλλος
515 485 543 526 τι
565 462 779 546 καῖ’μέγεθος
798 468 851 528 καὶ
872 462 1011 546 δύναμις
1032 461 1175 548 λυθῆναι
1195 461 1239 546 μή
1263 459 1369 525 δυνα-

218 567 308 652 μένη.
348 565 510 654 Ἀρρήτων
530 567 604 654 γόρ,
626 570 630 656 Ι
651 573 765 656 φησίν,
794 571 877 636 ἐστὶν
899 569 1103 656 α’ρρητότερος
1133 573 1188 632 καὶ
1220 567 1368 632 δυνατών

217 671 430 761 δυνατώτερος
451 681 505 740 καὶ
528 681 640 762 σοφών
663 677 858 764 σοφώτερος,
889 683 944 741 καὶ
965 676 1002 755 δ,
1033 700 1061 741 τι
1095 679 1138 741 όν
1166 678 1258 766 είπης
1278 675 1367 739 πόν-

214 802 277 844 των
298 785 361 846 τών
382 780 491 847 καλών
521 787 684 869 κρείττων·
717 780 807 860 οῦτος
833 788 998 872 γεννηθεὶς
1026 783 1144 870 έπήρεν
1173 781 1290 847 ἑαυτόν
1311 785 1366 844 καί

177 887 379 974 τυμετεώρισε
399 894 454 953 καί
474 887 594 976 ἠνέχθη
616 890 692 966 ὅλος
714 892 783 955 ἄνω
803 895 896 977 μέχρι
917 895 973 956 τοῦ
995 891 1224 977 στερεώματος,
1254 892 1306 976 τής
1327 887 1365 952 δέ

214 989 400 1079 α’ναδρομής
421 997 552 1059 καὶτοῦ
573 993 749 1082 ῦψώματος
770 999 804 1060 τὸ
827 999 986 1083 στερέωμα
1006 995 1094 1070 τέλος
1114 995 1198 1058 εἶναι
1219 996 1363 1076 νομίσας,

213 1103 269 1162 καί
288 1098 369 1186 μηδὲ
390 1101 473 1165 είναι
494 1103 572 1184 μετὰ
594 1105 693 1167 ταῦτα
712 1102 796 1178 ὅλως
813 1102 915 1190 μηδὲν
935 1102 1123 1188 ἐπινοήσας,
1153 1101 1275 1180 ἐγένετο
1303 1103 1363 1183 μὲν

214 1204 432 1290 ὑποκειμένων
453 1207 600 1286 πόντων,
623 1209 685 1274 δσα
706 1208 746 1297 ἠν
767 1210 882 1275 λοιπὸν
901 1210 1046 1294 κοσμικό,
1071 1207 1270 1294 σοφώτερος,
1303 1205 1364 1270 δυ-

214 1315 402 1400 νατώτερος,
430 1316 690 1404 ἐκπρεπέστερος,
722 1318 962 1405 φωτεινότερος,
993 1321 1063 1384 πᾶν
1086 1316 1122 1394 ὅ,
1138 1341 1166 1380 α
1198 1317 1242 1380 ἄν
1270 1316 1361 1404 εἴπης

176 1422 316 1488 ίῡκαλδν
333 1422 491 1510 διαφέρον
511 1430 607 1509 χωρὶς
626 1425 727 1512 μόνης
749 1429 801 1512 τῆς
823 1425 1090 1510 ὑπολελειμμένης
1111 1421 1251 1509 υλόνητυς
1265 1421 1309 1485 ἕῠ
1323 1421 1360 1486 ἓν

213 1533 250 1620 τῇ
271 1535 493 1615 πανσπερμία·
523 1530 630 1618 ἠγνόει
657 1533 719 1618 γδρ
741 1531 789 1596 δτι
810 1533 893 1597 ἐστὶν
915 1530 1013 1597 αὐτοῦ
1035 1533 1204 1616 σοφωτέρα
1225 1533 1280 1592 καὶ
1302 1527 1361 1592 δυ-

213 1639 373 1723 νατωτέρα
395 1644 450 1701 καὶ
474 1641 628 1725 κρείττων.
683 1642 829 1723 Νομίσας
859 1637 918 1705 οῦν
944 1638 1040 1714 αῦτδς
1067 1639 1151 1702 ελναι
1177 1636 1286 1724 κῦριος
1306 1639 1361 1700 καὶ

213 1743 442 1832 δεσπότηςκαὶ
463 1747 564 1832 σοφδς
585 1745 774 1834 α’ρχιτέκτων
805 1751 949 1835 τρέπεται
978 1747 1024 1822 είς
1050 1747 1106 1832 τήν
1136 1742 1227 1809 καθ’.
1242 1748 1360 1808 έκαστα

214 1857 311 1917 κτίσιν
333 1859 388 1918 τοῦ
410 1853 540 1938 κόσμου.
597 1859 663 1918 Καὶ
692 1859 821 1940 πρώτον
851 1857 912 1938 μὲν
933 1853 1046 1940 ἠξίωσε
1066 1855 1110 1940 μή
1137 1853 1219 1916 εἶναι
1248 1852 1358 1934 μόνος,

175 1959 299 2025 δθώλλιὲ
321 1961 467 2046 ἐποίησεν
488 1959 590 2049 ἐαυτῷ
612 1967 667 2026 καὶ
691 1962 856 2048 ἐγέννησεν
883 1961 919 2026 ἐκ
950 1965 1013 2026 τών
1039 1959 1258 2044 ὑποκειμένων
1288 1953 1361 2022 υἱόν

213 2067 327 2133 ἑαυτοῦ
349 2067 432 2132 πολι)
454 2072 613 2155 κρείττονα
635 2075 689 2134 καὶ
707 2070 898 2156 σοφώτερον.
955 2073 1066 2133 Ταῦτα
1095 2070 1157 2154 γὰρ
1184 2065 1224 2152 ἠν
1251 2067 1359 2130 πάντα

213 2171 522 2258 προβεβουλευμένος
543 2173 561 2238 6
584 2172 642 2238 οῦκ
664 2177 710 2238 ών
731 2173 827 2250 θεός,
858 2173 909 2238 δτε
936 2171 991 2258 τήν
1020 2174 1244 2255 πανσπερμίαν
1265 2174 1358 2234 κατέ-

213 2279 322 2363 βαλεν.
361 2279 452 2345 Ἰδών
472 2279 532 2346 οῦν
553 2283 608 2346 τόν
629 2278 702 2346 υίδν
724 2281 895 2365 ἐθαύμασε
925 2284 979 2344 καὶ
1010 2279 1151 2366 ἠγάπησε
1182 2281 1236 2342 καὶ
1266 2301 1357 2341 κατε-

213 2387 337 2474 πλάγη·
360 2393 501 2453 τοιοῦτον
521 2389 583 2473 γάρ
604 2412 631 2452 τι
653 2388 771 2464 κάλλος
792 2387 941 2474 ἐφαίνετο
968 2383 1041 2451 υἱοῦ
1070 2390 1113 2474 τῷ
1143 2383 1271 2472 μεγάλῳ
1295 2385 1357 2470 ἄρ-

177 2501 315 2576 35χοντι·
339 2501 393 2559 καί
415 2493 569 2560 ἐκάθισεν
591 2493 689 2561 αῦτδν
710 2496 746 2560 ἐκ
769 2496 882 2574 δεξιῶν
903 2493 922 2559 ό
945 2482 1063 2580 ἄρχων.
1116 2493 1205 2579 Αῦοη
1232 2492 1355 2578 ἐσώνή

212 2601 278 2666 κατ’
301 2601 416 2679 αῦτοῦς
437 2601 555 2683 ὀγδοὰς
580 2602 747 2690 λεγομένη,
781 2603 864 2668 ὅπου
886 2603 968 2668 ἐστὶν
990 2601 1008 2666 6
1029 2604 1129 2685 μέγας
1156 2602 1265 2686 ἅρχων
1295 2622 1358 2662 κα-

213 2711 364 2796 θήμενος.
406 2715 526 2776 Πόσον
547 2709 606 2776 οῦν
627 2713 682 2798 τήν
704 2711 899 2799 ἐπουρόνιον
920 2714 1034 2786 κτίσιν,
1067 2711 1202 2774 τουτέστι
1224 2707 1279 2794 τήν
1301 2707 1356 2771 αλ-

211 2819 342 2903 θέριον,
366 2815 461 2894 αδτδς
482 2817 650 2903 ελργοέσατο
674 2816 691 2881 6
714 2816 902 2904 δημιουργός
924 2817 941 2881 6
962 2819 1063 2900 μέγας
1085 2815 1202 2901 σοφός·
1233 2815 1355 2901 ἐνήργει

211 2922 247 2988 δὲ
268 2924 355 3012 αδτῷ
375 2930 431 2988 καί
452 2924 619 2990 ὑπετίθετο
647 2922 665 2988 6
695 2921 765 3000 οίδς
793 2923 811 2988 6
842 2924 953 2989 τοῦτου
974 2923 1156 3010 γενόμενος,
1189 2925 1235 2987 τόν
1257 2920 1357 2987 αδτοῦ

174 3035 266 3096 έοτοῦ
288 3031 480 3118 δημιουργοῦ
503 3030 587 3096 πολι)
612 3032 799 3119 σοφώτερος.

298 3158 349 3223 24.
394 3156 483 3244 Αῦτη
514 3157 596 3221 ἐστὶν
623 3157 642 3240 ἠ
671 3159 751 3220 κατὰ
781 3154 996 3242 Ἀριστοτέλην
1027 3151 1172 3237 σώματος
1198 3156 1349 3243 φυσικοῦ]

211 3261 383 3348 ὀργανικοῦ
411 3264 601 3347 ἐντελέχεια,
640 3266 728 3351 ψυχή
764 3264 935 3349 ένεργοῦσα
964 3265 1007 3349 τῷ
1039 3262 1176 3345 σώματι,
1212 3256 1249 3346 ἠς
1279 3260 1354 3343 δίχα

210 3371 244 3434 τό
268 3375 359 3455 σῶμα
382 3371 573 3457 ἐργάζεσθαι
598 3369 695 3436 οῦδὲν
717 3370 867 3447 δόναται,
889 3368 996 3453 μεῖζον
1023 3373 1076 3432 καί
1105 3369 1355 3455 ἐπιφανέστερον

210 3484 265 3544 καὶ
286 3477 501 3564 δυνατώτερον
529 3482 583 3543 καί
612 3479 794 3564 σοφώτερον
820 3481 875 3542 τοῦ
898 3477 1050 3560 σώματος.
1098 3475 1160 3540 Ὃν
1180 3475 1276 3554 λόγον
1295 3471 1355 3539 οῦν

172 3584 418 3673 έδὶέριστοτέλης
440 3585 629 3651 ἀποδέδωκε
650 3591 721 3672 περὶ
743 3589 796 3671 τής
817 3589 924 3673 ψυχῆς
950 3589 1004 3648 καὶ
1029 3587 1085 3648 τοῦ
1106 3582 1251 3666 σώματος
1272 3581 1355 3668 πρό-

209 3717 307 3781 τερος,
335 3695 524 3782 Βασιλείδης
545 3697 692 3780 περὶτοῦ
713 3693 853 3778 μεγάλου
876 3693 1027 3779 ἄρχοντος
1049 3694 1102 3755 καλ
1123 3693 1178 3754 τοῦ
1198 3687 1267 3754 κατ’
1290 3688 1354 3753 αῦ-

209 3799 265 3866 τδν
284 3801 355 3868 υἱοῦ
378 3803 541 3888 διασαφεί.
589 3803 655 3867 Τόν
675 3825 707 3866 τε
726 3801 788 3888 γὰρ
810 3798 883 3866 υἱὸν
905 3799 923 3864 δ
942 3800 1051 3884 ἄρχων
1066 3798 1146 3864 κατὰ
1160 3795 1354 3882 Βασιλείδην

283 3997 325 4052 16.
345 3993 468 4071 λυθῆναι]
490 3997 635 4063 λαληθῆναι
652 3993 821 4068 Βετοογείοε
840 4004 869 4050 οι
886 3992 1052 4058 Βυοτεοίοε,
1072 3993 1136 4047 coll.
1155 3992 1288 4064 μ.321,5
1307 3991 1351 4046 εδ.

211 4087 263 4146 Ox.
282 4089 372 4144 κόλλει
389 4089 435 4144 καί
453 4091 564 4161 μεγέθει
582 4089 744 4160 ἀνεκλαλήτῳ
837 4089 880 4142 17.
898 4082 1059 4159 ’Λρρητονῦ
1163 4086 1205 4140 19.
1224 4084 1271 4140 καί
1287 4093 1351 4140 anto

206 4183 346 4257 μετεώρισε
365 4199 409 4236 om
430 4177 452 4235 C
476 4179 634 4236 Βυυεοοίιιε
758 4181 803 4234 20.
826 4179 966 4253 μετεώρισε
988 4179 1035 4234 καί
1059 4178 1167 4250 ἠνέχθη]
1190 4177 1375 4271 μετεώρισας.

208 4278 254 4331 καί
272 4279 388 4347 ένέγθεις
406 4272 575 4330 ΙΙΙιΙΙιοτοίοε
689 4272 878 4345 σπρεώματος,
896 4273 938 4338 τῆς
957 4272 998 4342 δὲ]
1024 4271 1203 4343 στερεώματος
1219 4273 1287 4336 ἔστη,
1310 4269 1353 4336 τῆς

208 4370 237 4422 δι’
255 4365 277 4423 C
296 4367 479 4424 Uhlhornius:
499 4367 689 4440 σπρεώματος·
713 4368 772 4431 ἔστη
795 4365 837 4430 δὲ,
860 4364 902 4432 τῆς
928 4362 1084 4419 Βοοεεοίυε
1215 4364 1261 4417 22
1284 4359 1352 4423 ὅλως

208 4462 293 4532 μηδὲν
310 4459 420 4517 είναιῦ
534 4462 578 4515 25.
597 4459 682 4532 μονῆς
699 4460 741 4525 τῆς
757 4456 1012 4530 ῦπολελυμμίνηςῦ
1110 4457 1155 4512 26.
1175 4457 1244 4516 ἐστίν
1260 4451 1363 4532 «6200

1499 433 1511 528 ί
